%YAML 1.1
%TAG !u! tag:unity3d.com,2011:
--- !u!29 &1
SceneSettings:
  m_ObjectHideFlags: 0
  m_PVSData: 
  m_PVSObjectsArray: []
  m_PVSPortalsArray: []
  m_OcclusionBakeSettings:
    smallestOccluder: 5
    smallestHole: .25
    backfaceThreshold: 100
--- !u!104 &2
RenderSettings:
  m_ObjectHideFlags: 0
  serializedVersion: 6
  m_Fog: 0
  m_FogColor: {r: .5, g: .5, b: .5, a: 1}
  m_FogMode: 3
  m_FogDensity: .00999999978
  m_LinearFogStart: 0
  m_LinearFogEnd: 300
  m_AmbientSkyColor: {r: .200000003, g: .200000003, b: .200000003, a: 1}
  m_AmbientEquatorColor: {r: .200000003, g: .200000003, b: .200000003, a: 1}
  m_AmbientGroundColor: {r: .200000003, g: .200000003, b: .200000003, a: 1}
  m_AmbientIntensity: 1
  m_AmbientMode: 3
  m_SkyboxMaterial: {fileID: 0}
  m_HaloStrength: .5
  m_FlareStrength: 1
  m_FlareFadeSpeed: 3
  m_HaloTexture: {fileID: 0}
  m_SpotCookie: {fileID: 10001, guid: 0000000000000000e000000000000000, type: 0}
  m_DefaultReflectionMode: 0
  m_DefaultReflectionResolution: 128
  m_ReflectionBounces: 1
  m_ReflectionIntensity: 1
  m_CustomReflection: {fileID: 0}
  m_Sun: {fileID: 0}
--- !u!157 &4
LightmapSettings:
  m_ObjectHideFlags: 0
  serializedVersion: 5
  m_GIWorkflowMode: 1
  m_LightmapsMode: 1
  m_GISettings:
    serializedVersion: 2
    m_BounceScale: 1
    m_IndirectOutputScale: 1
    m_AlbedoBoost: 1
    m_TemporalCoherenceThreshold: 1
    m_EnvironmentLightingMode: 0
    m_EnableBakedLightmaps: 1
    m_EnableRealtimeLightmaps: 0
  m_LightmapEditorSettings:
    serializedVersion: 3
    m_Resolution: 1
    m_BakeResolution: 50
    m_TextureWidth: 1024
    m_TextureHeight: 1024
    m_AOMaxDistance: 1
    m_Padding: 2
    m_CompAOExponent: 0
    m_LightmapParameters: {fileID: 0}
    m_TextureCompression: 0
    m_FinalGather: 0
    m_FinalGatherRayCount: 1024
    m_ReflectionCompression: 2
  m_LightmapSnapshot: {fileID: 0}
  m_RuntimeCPUUsage: 25
--- !u!196 &5
NavMeshSettings:
  serializedVersion: 2
  m_ObjectHideFlags: 0
  m_BuildSettings:
    serializedVersion: 2
    agentRadius: .5
    agentHeight: 2
    agentSlope: 45
    agentClimb: .400000006
    ledgeDropHeight: 0
    maxJumpAcrossDistance: 0
    accuratePlacement: 0
    minRegionArea: 2
    cellSize: .166666657
    manualCellSize: 0
  m_NavMeshData: {fileID: 0}
--- !u!1 &3504293 stripped
GameObject:
  m_PrefabParentObject: {fileID: 100000, guid: a872744625bfab449a328d62fe1385f9, type: 2}
  m_PrefabInternal: {fileID: 820765180}
--- !u!114 &5650963 stripped
MonoBehaviour:
  m_PrefabParentObject: {fileID: 11400008, guid: a872744625bfab449a328d62fe1385f9,
    type: 2}
  m_PrefabInternal: {fileID: 820765180}
  m_Script: {fileID: 708705254, guid: f5f67c52d1564df4a8936ccd202a3bd8, type: 3}
--- !u!1001 &207898524
Prefab:
  m_ObjectHideFlags: 0
  serializedVersion: 2
  m_Modification:
    m_TransformParent: {fileID: 0}
    m_Modifications:
    - target: {fileID: 400000, guid: d84d1370367354a45b2feb483814a949, type: 2}
      propertyPath: m_LocalPosition.x
      value: 1.23063314
      objectReference: {fileID: 0}
    - target: {fileID: 400000, guid: d84d1370367354a45b2feb483814a949, type: 2}
      propertyPath: m_LocalPosition.y
      value: -1.45075822
      objectReference: {fileID: 0}
    - target: {fileID: 400000, guid: d84d1370367354a45b2feb483814a949, type: 2}
      propertyPath: m_LocalPosition.z
      value: 0
      objectReference: {fileID: 0}
    - target: {fileID: 400000, guid: d84d1370367354a45b2feb483814a949, type: 2}
      propertyPath: m_LocalRotation.x
      value: 0
      objectReference: {fileID: 0}
    - target: {fileID: 400000, guid: d84d1370367354a45b2feb483814a949, type: 2}
      propertyPath: m_LocalRotation.y
      value: 0
      objectReference: {fileID: 0}
    - target: {fileID: 400000, guid: d84d1370367354a45b2feb483814a949, type: 2}
      propertyPath: m_LocalRotation.z
      value: 0
      objectReference: {fileID: 0}
    - target: {fileID: 400000, guid: d84d1370367354a45b2feb483814a949, type: 2}
      propertyPath: m_LocalRotation.w
      value: 1
      objectReference: {fileID: 0}
    - target: {fileID: 400000, guid: d84d1370367354a45b2feb483814a949, type: 2}
      propertyPath: m_RootOrder
      value: 0
      objectReference: {fileID: 0}
    - target: {fileID: 100000, guid: d84d1370367354a45b2feb483814a949, type: 2}
      propertyPath: m_Name
      value: LevelManager
      objectReference: {fileID: 0}
    - target: {fileID: 11400000, guid: d84d1370367354a45b2feb483814a949, type: 2}
      propertyPath: scoreScreen
      value: 
      objectReference: {fileID: 1138133441}
    - target: {fileID: 11400000, guid: d84d1370367354a45b2feb483814a949, type: 2}
      propertyPath: scoreObject
      value: 
      objectReference: {fileID: 1698543531}
    - target: {fileID: 11400000, guid: d84d1370367354a45b2feb483814a949, type: 2}
      propertyPath: star1
      value: 
      objectReference: {fileID: 1272905453}
    - target: {fileID: 11400000, guid: d84d1370367354a45b2feb483814a949, type: 2}
      propertyPath: star2
      value: 
      objectReference: {fileID: 748200070}
    - target: {fileID: 11400000, guid: d84d1370367354a45b2feb483814a949, type: 2}
      propertyPath: star3
      value: 
      objectReference: {fileID: 573303680}
    - target: {fileID: 11400000, guid: d84d1370367354a45b2feb483814a949, type: 2}
      propertyPath: stars3
      value: 9000
      objectReference: {fileID: 0}
    - target: {fileID: 11400000, guid: d84d1370367354a45b2feb483814a949, type: 2}
      propertyPath: stars2
      value: 8500
      objectReference: {fileID: 0}
    - target: {fileID: 11400000, guid: d84d1370367354a45b2feb483814a949, type: 2}
      propertyPath: stars1
      value: 8000
      objectReference: {fileID: 0}
    - target: {fileID: 11400000, guid: d84d1370367354a45b2feb483814a949, type: 2}
      propertyPath: levelNumber
      value: 6
      objectReference: {fileID: 0}
    - target: {fileID: 11400000, guid: d84d1370367354a45b2feb483814a949, type: 2}
      propertyPath: depleteScoreText
      value: 
      objectReference: {fileID: 1596724217}
    - target: {fileID: 100000, guid: d84d1370367354a45b2feb483814a949, type: 2}
      propertyPath: m_IsActive
      value: 1
      objectReference: {fileID: 0}
    m_RemovedComponents: []
  m_ParentPrefab: {fileID: 100100000, guid: d84d1370367354a45b2feb483814a949, type: 2}
  m_IsPrefabParent: 0
--- !u!1001 &275790463
Prefab:
  m_ObjectHideFlags: 0
  serializedVersion: 2
  m_Modification:
    m_TransformParent: {fileID: 1417121398}
    m_Modifications:
    - target: {fileID: 400000, guid: 058410824d93fcf4284f2acf17045d89, type: 2}
      propertyPath: m_LocalPosition.x
      value: -.0500000007
      objectReference: {fileID: 0}
    - target: {fileID: 400000, guid: 058410824d93fcf4284f2acf17045d89, type: 2}
      propertyPath: m_LocalPosition.y
      value: .49000001
      objectReference: {fileID: 0}
    - target: {fileID: 400000, guid: 058410824d93fcf4284f2acf17045d89, type: 2}
      propertyPath: m_LocalPosition.z
      value: .00999999978
      objectReference: {fileID: 0}
    - target: {fileID: 400000, guid: 058410824d93fcf4284f2acf17045d89, type: 2}
      propertyPath: m_LocalRotation.x
      value: 0
      objectReference: {fileID: 0}
    - target: {fileID: 400000, guid: 058410824d93fcf4284f2acf17045d89, type: 2}
      propertyPath: m_LocalRotation.y
      value: 0
      objectReference: {fileID: 0}
    - target: {fileID: 400000, guid: 058410824d93fcf4284f2acf17045d89, type: 2}
      propertyPath: m_LocalRotation.z
      value: 0
      objectReference: {fileID: 0}
    - target: {fileID: 400000, guid: 058410824d93fcf4284f2acf17045d89, type: 2}
      propertyPath: m_LocalRotation.w
      value: 1
      objectReference: {fileID: 0}
    - target: {fileID: 400000, guid: 058410824d93fcf4284f2acf17045d89, type: 2}
      propertyPath: m_RootOrder
      value: 0
      objectReference: {fileID: 0}
    - target: {fileID: 400000, guid: 058410824d93fcf4284f2acf17045d89, type: 2}
      propertyPath: m_LocalScale.x
      value: .578136444
      objectReference: {fileID: 0}
    - target: {fileID: 400000, guid: 058410824d93fcf4284f2acf17045d89, type: 2}
      propertyPath: m_LocalScale.y
      value: .578136325
      objectReference: {fileID: 0}
    - target: {fileID: 400000, guid: 058410824d93fcf4284f2acf17045d89, type: 2}
      propertyPath: m_LocalScale.z
      value: .578136325
      objectReference: {fileID: 0}
    m_RemovedComponents: []
  m_ParentPrefab: {fileID: 100100000, guid: 058410824d93fcf4284f2acf17045d89, type: 2}
  m_IsPrefabParent: 0
--- !u!1 &492554371 stripped
GameObject:
  m_PrefabParentObject: {fileID: 100032, guid: a872744625bfab449a328d62fe1385f9, type: 2}
  m_PrefabInternal: {fileID: 820765180}
--- !u!114 &504634210 stripped
MonoBehaviour:
  m_PrefabParentObject: {fileID: 11400068, guid: a872744625bfab449a328d62fe1385f9,
    type: 2}
  m_PrefabInternal: {fileID: 820765180}
  m_Script: {fileID: 708705254, guid: f5f67c52d1564df4a8936ccd202a3bd8, type: 3}
--- !u!1 &514463346
GameObject:
  m_ObjectHideFlags: 0
  m_PrefabParentObject: {fileID: 0}
  m_PrefabInternal: {fileID: 0}
  serializedVersion: 4
  m_Component:
  - 4: {fileID: 514463350}
  - 212: {fileID: 514463349}
  - 61: {fileID: 514463348}
  - 111: {fileID: 514463347}
  m_Layer: 0
  m_Name: object
  m_TagString: Untagged
  m_Icon: {fileID: 0}
  m_NavMeshLayer: 0
  m_StaticEditorFlags: 0
  m_IsActive: 1
--- !u!111 &514463347
Animation:
  m_ObjectHideFlags: 0
  m_PrefabParentObject: {fileID: 0}
  m_PrefabInternal: {fileID: 0}
  m_GameObject: {fileID: 514463346}
  m_Enabled: 1
  serializedVersion: 3
  m_Animation: {fileID: 0}
  m_Animations:
  - {fileID: 7400000, guid: 93dae16a820f1064d855fc5a5ab868a5, type: 2}
  - {fileID: 7400000, guid: d2e0cd6c8f8f392449fafec85e8b5a32, type: 2}
  m_WrapMode: 0
  m_PlayAutomatically: 1
  m_AnimatePhysics: 1
  m_CullingType: 0
--- !u!61 &514463348
BoxCollider2D:
  m_ObjectHideFlags: 0
  m_PrefabParentObject: {fileID: 0}
  m_PrefabInternal: {fileID: 0}
  m_GameObject: {fileID: 514463346}
  m_Enabled: 1
  m_Material: {fileID: 0}
  m_IsTrigger: 0
  m_UsedByEffector: 0
  m_Offset: {x: 0, y: 0}
  serializedVersion: 2
  m_Size: {x: 1.27999997, y: .100000001}
--- !u!212 &514463349
SpriteRenderer:
  m_ObjectHideFlags: 0
  m_PrefabParentObject: {fileID: 0}
  m_PrefabInternal: {fileID: 0}
  m_GameObject: {fileID: 514463346}
  m_Enabled: 1
  m_CastShadows: 0
  m_ReceiveShadows: 0
  m_Materials:
  - {fileID: 10754, guid: 0000000000000000e000000000000000, type: 0}
  m_SubsetIndices: 
  m_StaticBatchRoot: {fileID: 0}
  m_UseLightProbes: 0
  m_ReflectionProbeUsage: 0
  m_ProbeAnchor: {fileID: 0}
  m_ScaleInLightmap: 1
  m_PreserveUVs: 0
  m_ImportantGI: 0
  m_AutoUVMaxDistance: .5
  m_AutoUVMaxAngle: 89
  m_LightmapParameters: {fileID: 0}
  m_SortingLayerID: 0
  m_SortingOrder: 10
  m_Sprite: {fileID: 21300000, guid: e027d204b8e9a5741a96431e1fc004a9, type: 3}
  m_Color: {r: 1, g: 1, b: 1, a: 1}
--- !u!4 &514463350
Transform:
  m_ObjectHideFlags: 0
  m_PrefabParentObject: {fileID: 0}
  m_PrefabInternal: {fileID: 0}
  m_GameObject: {fileID: 514463346}
  m_LocalRotation: {x: 0, y: 0, z: 0, w: 1}
  m_LocalPosition: {x: 0, y: 0, z: 0}
  m_LocalScale: {x: 1, y: 1, z: 1}
  m_Children: []
  m_Father: {fileID: 1320262562}
  m_RootOrder: 0
--- !u!1 &550622322
GameObject:
  m_ObjectHideFlags: 0
  m_PrefabParentObject: {fileID: 0}
  m_PrefabInternal: {fileID: 0}
  serializedVersion: 4
  m_Component:
  - 4: {fileID: 550622326}
  - 212: {fileID: 550622325}
  - 61: {fileID: 550622324}
  - 60: {fileID: 550622323}
  m_Layer: 0
  m_Name: Level_06
  m_TagString: Untagged
  m_Icon: {fileID: 0}
  m_NavMeshLayer: 0
  m_StaticEditorFlags: 0
  m_IsActive: 1
--- !u!60 &550622323
PolygonCollider2D:
  m_ObjectHideFlags: 0
  m_PrefabParentObject: {fileID: 0}
  m_PrefabInternal: {fileID: 0}
  m_GameObject: {fileID: 550622322}
  m_Enabled: 1
  m_Material: {fileID: 0}
  m_IsTrigger: 0
  m_UsedByEffector: 0
  m_Offset: {x: 0, y: 0}
  m_Points:
    m_Paths:
    - - {x: -9.60000038, y: -5.76000023}
      - {x: 9.60000038, y: -5.76000023}
      - {x: 9.60000038, y: -1.89999998}
      - {x: -9.60000038, y: -1.89999998}
    - - {x: -1.55999994, y: .389999986}
      - {x: -1.39999998, y: .360000014}
      - {x: -1.19000006, y: .360000014}
      - {x: -1.01999998, y: .379999995}
      - {x: -1, y: .360000014}
      - {x: -.649999976, y: .360000014}
      - {x: -.49000001, y: .389999986}
      - {x: -.280000001, y: .389999986}
      - {x: -.119999997, y: .360000014}
      - {x: .0900000036, y: .360000014}
      - {x: .25999999, y: .379999995}
      - {x: .280000001, y: .360000014}
      - {x: .639999986, y: .360000014}
      - {x: 1.07000005, y: .400000006}
      - {x: 1.22000003, y: .469999999}
      - {x: 1.36000001, y: .569999993}
      - {x: 1.38, y: .620000005}
      - {x: 1.38999999, y: .720000029}
      - {x: 1.38999999, y: .839999974}
      - {x: 1.39999998, y: 1.25}
      - {x: 1.39999998, y: 1.67999995}
      - {x: 1.50999999, y: 1.66999996}
      - {x: 1.79999995, y: 1.64999998}
      - {x: 2.06999993, y: 1.66999996}
      - {x: 2.27999997, y: 1.66999996}
      - {x: 2.50999999, y: 1.63}
      - {x: 2.81999993, y: 1.65999997}
      - {x: 2.8599999, y: 1.63}
      - {x: 3.19000006, y: 1.63999999}
      - {x: 3.3499999, y: 1.66999996}
      - {x: 3.55999994, y: 1.66999996}
      - {x: 3.78999996, y: 1.63}
      - {x: 4.0999999, y: 1.65999997}
      - {x: 4.13999987, y: 1.63}
      - {x: 4.46999979, y: 1.63999999}
      - {x: 4.63000011, y: 1.66999996}
      - {x: 4.84000015, y: 1.66999996}
      - {x: 5.07000017, y: 1.63}
      - {x: 5.38000011, y: 1.65999997}
      - {x: 5.42000008, y: 1.63}
      - {x: 5.75, y: 1.63999999}
      - {x: 5.90999985, y: 1.66999996}
      - {x: 6.11999989, y: 1.66999996}
      - {x: 6.3499999, y: 1.63}
      - {x: 6.65999985, y: 1.65999997}
      - {x: 6.69999981, y: 1.63}
      - {x: 7.03000021, y: 1.63999999}
      - {x: 7.19000006, y: 1.66999996}
      - {x: 7.4000001, y: 1.66999996}
      - {x: 7.63000011, y: 1.63}
      - {x: 7.94000006, y: 1.65999997}
      - {x: 7.98000002, y: 1.63}
      - {x: 8.31000042, y: 1.63999999}
      - {x: 8.47000027, y: 1.66999996}
      - {x: 8.68000031, y: 1.66999996}
      - {x: 8.90999985, y: 1.63}
      - {x: 9.22000027, y: 1.65999997}
      - {x: 9.26000023, y: 1.63}
      - {x: 9.59000015, y: 1.63999999}
      - {x: 9.60000038, y: 1.65999997}
      - {x: 9.60000038, y: 1.85000002}
      - {x: 9.39000034, y: 1.87}
      - {x: 8.26000023, y: 1.86000001}
      - {x: 8.10999966, y: 1.87}
      - {x: 7.40999985, y: 1.86000001}
      - {x: 6.98000002, y: 1.86000001}
      - {x: 6.82999992, y: 1.87}
      - {x: 6.13000011, y: 1.86000001}
      - {x: 5.69999981, y: 1.86000001}
      - {x: 5.55000019, y: 1.87}
      - {x: 4.8499999, y: 1.86000001}
      - {x: 4.42000008, y: 1.86000001}
      - {x: 4.26999998, y: 1.87}
      - {x: 3.56999993, y: 1.86000001}
      - {x: 3.1400001, y: 1.86000001}
      - {x: 2.99000001, y: 1.87}
      - {x: 2.75, y: 1.86000001}
      - {x: 2.58999991, y: 1.87}
      - {x: 2.06999993, y: 1.86000001}
      - {x: 1.76999998, y: 1.87}
      - {x: 1.62, y: 1.86000001}
      - {x: 1.38, y: 1.87}
      - {x: 1.38999999, y: 2.1400001}
      - {x: 1.38999999, y: 3.04999995}
      - {x: 1.38, y: 3.20000005}
      - {x: 1.36000001, y: 3.22000003}
      - {x: 1.22000003, y: 3.22000003}
      - {x: 1.20000005, y: 3.20000005}
      - {x: 1.20000005, y: 2.83999991}
      - {x: 1.15999997, y: 2.6099999}
      - {x: 1.19000006, y: 2.29999995}
      - {x: 1.15999997, y: 2.25999999}
      - {x: 1.16999996, y: 1.92999995}
      - {x: 1.20000005, y: 1.76999998}
      - {x: 1.20000005, y: 1.55999994}
      - {x: 1.15999997, y: 1.33000004}
      - {x: 1.19000006, y: 1.01999998}
      - {x: 1.15999997, y: .980000019}
      - {x: 1.16999996, y: .660000026}
      - {x: .99000001, y: .600000024}
      - {x: .779999971, y: .579999983}
      - {x: -.699999988, y: .579999983}
      - {x: -.850000024, y: .589999974}
      - {x: -1.24000001, y: .579999983}
      - {x: -1.98000002, y: .579999983}
      - {x: -2.13000011, y: .589999974}
      - {x: -2.36999989, y: .579999983}
      - {x: -2.52999997, y: .589999974}
      - {x: -3.04999995, y: .579999983}
      - {x: -3.33999991, y: .579999983}
      - {x: -3.63000011, y: .610000014}
      - {x: -3.73000002, y: .660000026}
      - {x: -3.72000003, y: .850000024}
      - {x: -3.73000002, y: 1.11000001}
      - {x: -3.73000002, y: 1.98000002}
      - {x: -3.72000003, y: 2.13000011}
      - {x: -3.73000002, y: 2.36999989}
      - {x: -3.72000003, y: 2.52999997}
      - {x: -3.73000002, y: 3.04999995}
      - {x: -3.74000001, y: 3.20000005}
      - {x: -3.75999999, y: 3.22000003}
      - {x: -3.9000001, y: 3.22000003}
      - {x: -3.93000007, y: 3.21000004}
      - {x: -3.92000008, y: 2.83999991}
      - {x: -3.95000005, y: 2.68000007}
      - {x: -3.95000005, y: 2.47000003}
      - {x: -3.93000007, y: 2.29999995}
      - {x: -3.95000005, y: 2.27999997}
      - {x: -3.95000005, y: 1.92999995}
      - {x: -3.92000008, y: 1.76999998}
      - {x: -3.92000008, y: 1.55999994}
      - {x: -3.95000005, y: 1.39999998}
      - {x: -3.95000005, y: 1.19000006}
      - {x: -3.93000007, y: 1.01999998}
      - {x: -3.95000005, y: 1}
      - {x: -3.95000005, y: .889999986}
      - {x: -3.94000006, y: .75}
      - {x: -3.95000005, y: .699999988}
      - {x: -3.95000005, y: .629999995}
      - {x: -3.83999991, y: .49000001}
      - {x: -3.67000008, y: .419999987}
      - {x: -3.38000011, y: .370000005}
      - {x: -3.03999996, y: .379999995}
      - {x: -2.83999991, y: .389999986}
      - {x: -2.68000007, y: .360000014}
      - {x: -2.47000003, y: .360000014}
      - {x: -2.29999995, y: .379999995}
      - {x: -2.27999997, y: .360000014}
      - {x: -1.92999995, y: .360000014}
      - {x: -1.76999998, y: .389999986}
    - - {x: -1.16999996, y: 5.61000013}
      - {x: -1.17999995, y: 5.76000023}
      - {x: -1.36000001, y: 5.76000023}
      - {x: -1.37, y: 5.40999985}
      - {x: -1.38999999, y: 5.26999998}
      - {x: -1.38999999, y: 5.03000021}
      - {x: -1.37, y: 4.86000013}
      - {x: -1.38999999, y: 4.84000015}
      - {x: -1.38999999, y: 4.48999977}
      - {x: -1.36000001, y: 4.11999989}
      - {x: -1.38999999, y: 3.96000004}
      - {x: -1.38999999, y: 3.21000004}
      - {x: -1.36000001, y: 3.04999995}
      - {x: -1.38, y: 2.67000008}
      - {x: -1.36000001, y: 2.6500001}
      - {x: -1.19000006, y: 2.6500001}
      - {x: -1.16999996, y: 2.67000008}
--- !u!61 &550622324
BoxCollider2D:
  m_ObjectHideFlags: 0
  m_PrefabParentObject: {fileID: 0}
  m_PrefabInternal: {fileID: 0}
  m_GameObject: {fileID: 550622322}
  m_Enabled: 0
  m_Material: {fileID: 0}
  m_IsTrigger: 0
  m_UsedByEffector: 0
  m_Offset: {x: 0, y: -3.87215447}
  serializedVersion: 2
  m_Size: {x: 19.199995, y: 3.77569818}
--- !u!212 &550622325
SpriteRenderer:
  m_ObjectHideFlags: 0
  m_PrefabParentObject: {fileID: 0}
  m_PrefabInternal: {fileID: 0}
  m_GameObject: {fileID: 550622322}
  m_Enabled: 1
  m_CastShadows: 0
  m_ReceiveShadows: 0
  m_Materials:
  - {fileID: 10754, guid: 0000000000000000e000000000000000, type: 0}
  m_SubsetIndices: 
  m_StaticBatchRoot: {fileID: 0}
  m_UseLightProbes: 0
  m_ReflectionProbeUsage: 0
  m_ProbeAnchor: {fileID: 0}
  m_ScaleInLightmap: 1
  m_PreserveUVs: 0
  m_ImportantGI: 0
  m_AutoUVMaxDistance: .5
  m_AutoUVMaxAngle: 89
  m_LightmapParameters: {fileID: 0}
  m_SortingLayerID: 0
  m_SortingOrder: 3
  m_Sprite: {fileID: 21300000, guid: b8b52b0632049fa4582feff86fab4af5, type: 3}
  m_Color: {r: 1, g: 1, b: 1, a: 1}
--- !u!4 &550622326
Transform:
  m_ObjectHideFlags: 0
  m_PrefabParentObject: {fileID: 0}
  m_PrefabInternal: {fileID: 0}
  m_GameObject: {fileID: 550622322}
  m_LocalRotation: {x: 0, y: 0, z: 0, w: 1}
  m_LocalPosition: {x: .810792923, y: -.454322278, z: 0}
  m_LocalScale: {x: .95634073, y: .956340671, z: .956340671}
  m_Children: []
  m_Father: {fileID: 1776232141}
  m_RootOrder: 5
--- !u!1 &559724870
GameObject:
  m_ObjectHideFlags: 0
  m_PrefabParentObject: {fileID: 0}
  m_PrefabInternal: {fileID: 0}
  serializedVersion: 4
  m_Component:
  - 4: {fileID: 559724872}
  - 212: {fileID: 559724871}
  - 61: {fileID: 559724874}
  - 114: {fileID: 559724873}
  m_Layer: 8
  m_Name: Lever
  m_TagString: Untagged
  m_Icon: {fileID: 0}
  m_NavMeshLayer: 0
  m_StaticEditorFlags: 0
  m_IsActive: 1
--- !u!212 &559724871
SpriteRenderer:
  m_ObjectHideFlags: 0
  m_PrefabParentObject: {fileID: 0}
  m_PrefabInternal: {fileID: 0}
  m_GameObject: {fileID: 559724870}
  m_Enabled: 1
  m_CastShadows: 0
  m_ReceiveShadows: 0
  m_Materials:
  - {fileID: 10754, guid: 0000000000000000e000000000000000, type: 0}
  m_SubsetIndices: 
  m_StaticBatchRoot: {fileID: 0}
  m_UseLightProbes: 0
  m_ReflectionProbeUsage: 0
  m_ProbeAnchor: {fileID: 0}
  m_ScaleInLightmap: 1
  m_PreserveUVs: 0
  m_ImportantGI: 0
  m_AutoUVMaxDistance: .5
  m_AutoUVMaxAngle: 89
  m_LightmapParameters: {fileID: 0}
  m_SortingLayerID: 0
  m_SortingOrder: 0
  m_Sprite: {fileID: 21300000, guid: 9e0effa38aa2ab4429706927ce087e32, type: 3}
  m_Color: {r: 1, g: 1, b: 1, a: 1}
--- !u!4 &559724872
Transform:
  m_ObjectHideFlags: 0
  m_PrefabParentObject: {fileID: 0}
  m_PrefabInternal: {fileID: 0}
  m_GameObject: {fileID: 559724870}
  m_LocalRotation: {x: 0, y: 0, z: 0, w: 1}
  m_LocalPosition: {x: 6.54679298, y: -2.18232226, z: 0}
  m_LocalScale: {x: 3.37789917, y: 3.37790275, z: 3.37790275}
  m_Children:
  - {fileID: 1390451180}
  m_Father: {fileID: 1393094788}
  m_RootOrder: 1
--- !u!114 &559724873
MonoBehaviour:
  m_ObjectHideFlags: 0
  m_PrefabParentObject: {fileID: 0}
  m_PrefabInternal: {fileID: 0}
  m_GameObject: {fileID: 559724870}
  m_Enabled: 1
  m_EditorHideFlags: 0
  m_Script: {fileID: 11500000, guid: df94f7b8fa67ee44596e7ff5e3cab516, type: 3}
  m_Name: 
  m_EditorClassIdentifier: 
  canHover: 1
  doDestroy: 0
  doTranslate: 0
  doRotate: 0
  changeGravity: 0
  stateEnable: 0
  stateDisable: 0
  fixTimer: 0
--- !u!61 &559724874
BoxCollider2D:
  m_ObjectHideFlags: 0
  m_PrefabParentObject: {fileID: 0}
  m_PrefabInternal: {fileID: 0}
  m_GameObject: {fileID: 559724870}
  m_Enabled: 1
  m_Material: {fileID: 0}
  m_IsTrigger: 0
  m_UsedByEffector: 0
  m_Offset: {x: 0, y: 0}
  serializedVersion: 2
  m_Size: {x: .319999993, y: .300000012}
--- !u!1 &573303680 stripped
GameObject:
  m_PrefabParentObject: {fileID: 100232, guid: a872744625bfab449a328d62fe1385f9, type: 2}
  m_PrefabInternal: {fileID: 820765180}
--- !u!1001 &695341827
Prefab:
  m_ObjectHideFlags: 0
  serializedVersion: 2
  m_Modification:
    m_TransformParent: {fileID: 0}
    m_Modifications:
    - target: {fileID: 400000, guid: d8c820201e8b25448bd0159a6a9b4363, type: 2}
      propertyPath: m_LocalPosition.x
      value: 0
      objectReference: {fileID: 0}
    - target: {fileID: 400000, guid: d8c820201e8b25448bd0159a6a9b4363, type: 2}
      propertyPath: m_LocalPosition.y
      value: 0
      objectReference: {fileID: 0}
    - target: {fileID: 400000, guid: d8c820201e8b25448bd0159a6a9b4363, type: 2}
      propertyPath: m_LocalPosition.z
      value: -10
      objectReference: {fileID: 0}
    - target: {fileID: 400000, guid: d8c820201e8b25448bd0159a6a9b4363, type: 2}
      propertyPath: m_LocalRotation.x
      value: 0
      objectReference: {fileID: 0}
    - target: {fileID: 400000, guid: d8c820201e8b25448bd0159a6a9b4363, type: 2}
      propertyPath: m_LocalRotation.y
      value: 0
      objectReference: {fileID: 0}
    - target: {fileID: 400000, guid: d8c820201e8b25448bd0159a6a9b4363, type: 2}
      propertyPath: m_LocalRotation.z
      value: 0
      objectReference: {fileID: 0}
    - target: {fileID: 400000, guid: d8c820201e8b25448bd0159a6a9b4363, type: 2}
      propertyPath: m_LocalRotation.w
      value: 1
      objectReference: {fileID: 0}
    - target: {fileID: 400000, guid: d8c820201e8b25448bd0159a6a9b4363, type: 2}
      propertyPath: m_RootOrder
      value: 2
      objectReference: {fileID: 0}
    - target: {fileID: 2000000, guid: d8c820201e8b25448bd0159a6a9b4363, type: 2}
      propertyPath: orthographic
      value: 1
      objectReference: {fileID: 0}
    m_RemovedComponents: []
  m_ParentPrefab: {fileID: 100100000, guid: d8c820201e8b25448bd0159a6a9b4363, type: 2}
  m_IsPrefabParent: 0
--- !u!1 &721375930 stripped
GameObject:
  m_PrefabParentObject: {fileID: 100132, guid: a872744625bfab449a328d62fe1385f9, type: 2}
  m_PrefabInternal: {fileID: 820765180}
--- !u!1 &734032629
GameObject:
  m_ObjectHideFlags: 0
  m_PrefabParentObject: {fileID: 0}
  m_PrefabInternal: {fileID: 0}
  serializedVersion: 4
  m_Component:
  - 4: {fileID: 734032633}
  - 114: {fileID: 734032632}
  - 114: {fileID: 734032631}
  - 114: {fileID: 734032630}
  m_Layer: 0
  m_Name: EventSystem
  m_TagString: Untagged
  m_Icon: {fileID: 0}
  m_NavMeshLayer: 0
  m_StaticEditorFlags: 0
  m_IsActive: 1
--- !u!114 &734032630
MonoBehaviour:
  m_ObjectHideFlags: 0
  m_PrefabParentObject: {fileID: 0}
  m_PrefabInternal: {fileID: 0}
  m_GameObject: {fileID: 734032629}
  m_Enabled: 0
  m_EditorHideFlags: 0
  m_Script: {fileID: 1997211142, guid: f5f67c52d1564df4a8936ccd202a3bd8, type: 3}
  m_Name: 
  m_EditorClassIdentifier: 
  m_ForceModuleActive: 0
--- !u!114 &734032631
MonoBehaviour:
  m_ObjectHideFlags: 0
  m_PrefabParentObject: {fileID: 0}
  m_PrefabInternal: {fileID: 0}
  m_GameObject: {fileID: 734032629}
  m_Enabled: 1
  m_EditorHideFlags: 0
  m_Script: {fileID: 1077351063, guid: f5f67c52d1564df4a8936ccd202a3bd8, type: 3}
  m_Name: 
  m_EditorClassIdentifier: 
  m_HorizontalAxis: Horizontal
  m_VerticalAxis: Vertical
  m_SubmitButton: Submit
  m_CancelButton: Cancel
  m_InputActionsPerSecond: 10
  m_RepeatDelay: .5
  m_ForceModuleActive: 1
--- !u!114 &734032632
MonoBehaviour:
  m_ObjectHideFlags: 0
  m_PrefabParentObject: {fileID: 0}
  m_PrefabInternal: {fileID: 0}
  m_GameObject: {fileID: 734032629}
  m_Enabled: 1
  m_EditorHideFlags: 0
  m_Script: {fileID: -619905303, guid: f5f67c52d1564df4a8936ccd202a3bd8, type: 3}
  m_Name: 
  m_EditorClassIdentifier: 
  m_FirstSelected: {fileID: 0}
  m_sendNavigationEvents: 1
  m_DragThreshold: 5
--- !u!4 &734032633
Transform:
  m_ObjectHideFlags: 0
  m_PrefabParentObject: {fileID: 0}
  m_PrefabInternal: {fileID: 0}
  m_GameObject: {fileID: 734032629}
  m_LocalRotation: {x: 0, y: 0, z: 0, w: 1}
  m_LocalPosition: {x: 0, y: 0, z: 0}
  m_LocalScale: {x: 1, y: 1, z: 1}
  m_Children: []
  m_Father: {fileID: 0}
  m_RootOrder: 3
--- !u!1 &748200070 stripped
GameObject:
  m_PrefabParentObject: {fileID: 100238, guid: a872744625bfab449a328d62fe1385f9, type: 2}
  m_PrefabInternal: {fileID: 820765180}
--- !u!1 &814336216 stripped
GameObject:
  m_PrefabParentObject: {fileID: 100048, guid: a872744625bfab449a328d62fe1385f9, type: 2}
  m_PrefabInternal: {fileID: 820765180}
--- !u!1001 &820765180
Prefab:
  m_ObjectHideFlags: 0
  serializedVersion: 2
  m_Modification:
    m_TransformParent: {fileID: 0}
    m_Modifications:
    - target: {fileID: 22400110, guid: a872744625bfab449a328d62fe1385f9, type: 2}
      propertyPath: m_LocalPosition.x
      value: 0
      objectReference: {fileID: 0}
    - target: {fileID: 22400110, guid: a872744625bfab449a328d62fe1385f9, type: 2}
      propertyPath: m_LocalPosition.y
      value: 0
      objectReference: {fileID: 0}
    - target: {fileID: 22400110, guid: a872744625bfab449a328d62fe1385f9, type: 2}
      propertyPath: m_LocalPosition.z
      value: 0
      objectReference: {fileID: 0}
    - target: {fileID: 22400110, guid: a872744625bfab449a328d62fe1385f9, type: 2}
      propertyPath: m_LocalRotation.x
      value: 0
      objectReference: {fileID: 0}
    - target: {fileID: 22400110, guid: a872744625bfab449a328d62fe1385f9, type: 2}
      propertyPath: m_LocalRotation.y
      value: 0
      objectReference: {fileID: 0}
    - target: {fileID: 22400110, guid: a872744625bfab449a328d62fe1385f9, type: 2}
      propertyPath: m_LocalRotation.z
      value: 0
      objectReference: {fileID: 0}
    - target: {fileID: 22400110, guid: a872744625bfab449a328d62fe1385f9, type: 2}
      propertyPath: m_LocalRotation.w
      value: 1
      objectReference: {fileID: 0}
    - target: {fileID: 22400110, guid: a872744625bfab449a328d62fe1385f9, type: 2}
      propertyPath: m_RootOrder
      value: 0
      objectReference: {fileID: 0}
    - target: {fileID: 22400110, guid: a872744625bfab449a328d62fe1385f9, type: 2}
      propertyPath: m_AnchoredPosition.x
      value: 0
      objectReference: {fileID: 0}
    - target: {fileID: 22400110, guid: a872744625bfab449a328d62fe1385f9, type: 2}
      propertyPath: m_AnchoredPosition.y
      value: 0
      objectReference: {fileID: 0}
    - target: {fileID: 22400110, guid: a872744625bfab449a328d62fe1385f9, type: 2}
      propertyPath: m_SizeDelta.x
      value: 0
      objectReference: {fileID: 0}
    - target: {fileID: 22400110, guid: a872744625bfab449a328d62fe1385f9, type: 2}
      propertyPath: m_SizeDelta.y
      value: 0
      objectReference: {fileID: 0}
    - target: {fileID: 22400110, guid: a872744625bfab449a328d62fe1385f9, type: 2}
      propertyPath: m_AnchorMin.x
      value: 0
      objectReference: {fileID: 0}
    - target: {fileID: 22400110, guid: a872744625bfab449a328d62fe1385f9, type: 2}
      propertyPath: m_AnchorMin.y
      value: 0
      objectReference: {fileID: 0}
    - target: {fileID: 22400110, guid: a872744625bfab449a328d62fe1385f9, type: 2}
      propertyPath: m_AnchorMax.x
      value: 0
      objectReference: {fileID: 0}
    - target: {fileID: 22400110, guid: a872744625bfab449a328d62fe1385f9, type: 2}
      propertyPath: m_AnchorMax.y
      value: 0
      objectReference: {fileID: 0}
    - target: {fileID: 22400110, guid: a872744625bfab449a328d62fe1385f9, type: 2}
      propertyPath: m_Pivot.x
      value: 0
      objectReference: {fileID: 0}
    - target: {fileID: 22400110, guid: a872744625bfab449a328d62fe1385f9, type: 2}
      propertyPath: m_Pivot.y
      value: 0
      objectReference: {fileID: 0}
    - target: {fileID: 11400038, guid: a872744625bfab449a328d62fe1385f9, type: 2}
      propertyPath: m_OnClick.m_PersistentCalls.m_Calls.Array.data[0].m_Target
      value: 
      objectReference: {fileID: 1295216444}
    - target: {fileID: 11400212, guid: a872744625bfab449a328d62fe1385f9, type: 2}
      propertyPath: m_OnClick.m_PersistentCalls.m_Calls.Array.data[1].m_Target
      value: 
      objectReference: {fileID: 955697175}
    - target: {fileID: 11400018, guid: a872744625bfab449a328d62fe1385f9, type: 2}
      propertyPath: m_OnClick.m_PersistentCalls.m_Calls.Array.data[0].m_Target
      value: 
      objectReference: {fileID: 955697175}
    - target: {fileID: 11400334, guid: a872744625bfab449a328d62fe1385f9, type: 2}
      propertyPath: m_OnClick.m_PersistentCalls.m_Calls.Array.data[0].m_Target
      value: 
      objectReference: {fileID: 1295216442}
    - target: {fileID: 11400034, guid: a872744625bfab449a328d62fe1385f9, type: 2}
      propertyPath: m_OnClick.m_PersistentCalls.m_Calls.Array.data[0].m_Target
      value: 
      objectReference: {fileID: 1209462683}
    - target: {fileID: 11400282, guid: a872744625bfab449a328d62fe1385f9, type: 2}
      propertyPath: m_OnClick.m_PersistentCalls.m_Calls.Array.data[2].m_Target
      value: 
      objectReference: {fileID: 1209462683}
    - target: {fileID: 11400338, guid: a872744625bfab449a328d62fe1385f9, type: 2}
      propertyPath: m_OnClick.m_PersistentCalls.m_Calls.Array.data[0].m_Target
      value: 
      objectReference: {fileID: 1295216442}
    - target: {fileID: 11400366, guid: a872744625bfab449a328d62fe1385f9, type: 2}
      propertyPath: m_OnClick.m_PersistentCalls.m_Calls.Array.data[1].m_Target
      value: 
      objectReference: {fileID: 955697175}
    - target: {fileID: 11400096, guid: a872744625bfab449a328d62fe1385f9, type: 2}
      propertyPath: m_OnClick.m_PersistentCalls.m_Calls.Array.data[5].m_Target
      value: 
      objectReference: {fileID: 1209462683}
    - target: {fileID: 11400130, guid: a872744625bfab449a328d62fe1385f9, type: 2}
      propertyPath: m_OnClick.m_PersistentCalls.m_Calls.Array.data[0].m_Target
      value: 
      objectReference: {fileID: 955697175}
    - target: {fileID: 11400148, guid: a872744625bfab449a328d62fe1385f9, type: 2}
      propertyPath: m_OnClick.m_PersistentCalls.m_Calls.Array.data[0].m_Target
      value: 
      objectReference: {fileID: 955697175}
    - target: {fileID: 11400358, guid: a872744625bfab449a328d62fe1385f9, type: 2}
      propertyPath: m_OnClick.m_PersistentCalls.m_Calls.Array.data[0].m_Target
      value: 
      objectReference: {fileID: 1295216442}
    - target: {fileID: 22300012, guid: a872744625bfab449a328d62fe1385f9, type: 2}
      propertyPath: m_Camera
      value: 
      objectReference: {fileID: 899539129}
    - target: {fileID: 11445312, guid: a872744625bfab449a328d62fe1385f9, type: 2}
      propertyPath: m_OnClick.m_PersistentCalls.m_Calls.Array.data[1].m_Target
      value: 
      objectReference: {fileID: 955697175}
    - target: {fileID: 11400264, guid: a872744625bfab449a328d62fe1385f9, type: 2}
      propertyPath: m_OnClick.m_PersistentCalls.m_Calls.Array.data[0].m_Target
      value: 
      objectReference: {fileID: 955697175}
    - target: {fileID: 22400166, guid: a872744625bfab449a328d62fe1385f9, type: 2}
      propertyPath: m_AnchorMax.x
      value: .5
      objectReference: {fileID: 0}
    - target: {fileID: 22400166, guid: a872744625bfab449a328d62fe1385f9, type: 2}
      propertyPath: m_AnchorMax.y
      value: 1
      objectReference: {fileID: 0}
    - target: {fileID: 22400162, guid: a872744625bfab449a328d62fe1385f9, type: 2}
      propertyPath: m_AnchorMin.x
      value: .5
      objectReference: {fileID: 0}
    - target: {fileID: 22400162, guid: a872744625bfab449a328d62fe1385f9, type: 2}
      propertyPath: m_AnchorMax.x
      value: .5
      objectReference: {fileID: 0}
    - target: {fileID: 22400162, guid: a872744625bfab449a328d62fe1385f9, type: 2}
      propertyPath: m_AnchorMax.y
      value: 1
      objectReference: {fileID: 0}
    - target: {fileID: 22400166, guid: a872744625bfab449a328d62fe1385f9, type: 2}
      propertyPath: m_AnchoredPosition.x
      value: 35
      objectReference: {fileID: 0}
    - target: {fileID: 11401374, guid: a872744625bfab449a328d62fe1385f9, type: 2}
      propertyPath: m_OnClick.m_PersistentCalls.m_Calls.Array.data[0].m_Target
      value: 
      objectReference: {fileID: 1209462683}
    - target: {fileID: 11401374, guid: a872744625bfab449a328d62fe1385f9, type: 2}
      propertyPath: m_OnClick.m_PersistentCalls.m_Calls.Array.data[0].m_MethodName
      value: PlaceObject
      objectReference: {fileID: 0}
    m_RemovedComponents: []
  m_ParentPrefab: {fileID: 100100000, guid: a872744625bfab449a328d62fe1385f9, type: 2}
  m_IsPrefabParent: 0
--- !u!1 &820765181 stripped
GameObject:
  m_PrefabParentObject: {fileID: 157264, guid: a872744625bfab449a328d62fe1385f9, type: 2}
  m_PrefabInternal: {fileID: 820765180}
--- !u!1 &895099247
GameObject:
  m_ObjectHideFlags: 0
  m_PrefabParentObject: {fileID: 0}
  m_PrefabInternal: {fileID: 0}
  serializedVersion: 4
  m_Component:
  - 4: {fileID: 895099249}
  - 212: {fileID: 895099248}
  - 61: {fileID: 895099251}
  - 114: {fileID: 895099250}
  m_Layer: 0
  m_Name: Death
  m_TagString: Untagged
  m_Icon: {fileID: 0}
  m_NavMeshLayer: 0
  m_StaticEditorFlags: 0
  m_IsActive: 1
--- !u!212 &895099248
SpriteRenderer:
  m_ObjectHideFlags: 0
  m_PrefabParentObject: {fileID: 0}
  m_PrefabInternal: {fileID: 0}
  m_GameObject: {fileID: 895099247}
  m_Enabled: 1
  m_CastShadows: 0
  m_ReceiveShadows: 0
  m_Materials:
  - {fileID: 10754, guid: 0000000000000000e000000000000000, type: 0}
  m_SubsetIndices: 
  m_StaticBatchRoot: {fileID: 0}
  m_UseLightProbes: 0
  m_ReflectionProbeUsage: 0
  m_ProbeAnchor: {fileID: 0}
  m_ScaleInLightmap: 1
  m_PreserveUVs: 0
  m_ImportantGI: 0
  m_AutoUVMaxDistance: .5
  m_AutoUVMaxAngle: 89
  m_LightmapParameters: {fileID: 0}
  m_SortingLayerID: 0
  m_SortingOrder: 10
  m_Sprite: {fileID: 21300000, guid: cceffd821f29ef749b7d096ce1d42a4f, type: 3}
  m_Color: {r: 1, g: 1, b: 1, a: 1}
--- !u!4 &895099249
Transform:
  m_ObjectHideFlags: 0
  m_PrefabParentObject: {fileID: 0}
  m_PrefabInternal: {fileID: 0}
  m_GameObject: {fileID: 895099247}
  m_LocalRotation: {x: 0, y: 0, z: 0, w: 1}
  m_LocalPosition: {x: -.609207034, y: .195677713, z: 0}
  m_LocalScale: {x: .977500021, y: 1, z: 1}
  m_Children: []
  m_Father: {fileID: 1776232141}
  m_RootOrder: 3
--- !u!114 &895099250
MonoBehaviour:
  m_ObjectHideFlags: 0
  m_PrefabParentObject: {fileID: 0}
  m_PrefabInternal: {fileID: 0}
  m_GameObject: {fileID: 895099247}
  m_Enabled: 1
  m_EditorHideFlags: 0
  m_Script: {fileID: 11500000, guid: 1589e495af5dc8e4f89e0e1ffd492b4f, type: 3}
  m_Name: 
  m_EditorClassIdentifier: 
--- !u!61 &895099251
BoxCollider2D:
  m_ObjectHideFlags: 0
  m_PrefabParentObject: {fileID: 0}
  m_PrefabInternal: {fileID: 0}
  m_GameObject: {fileID: 895099247}
  m_Enabled: 1
  m_Material: {fileID: 0}
  m_IsTrigger: 0
  m_UsedByEffector: 0
  m_Offset: {x: 0, y: 0}
  serializedVersion: 2
  m_Size: {x: 1.25, y: .25}
--- !u!1 &898900420 stripped
GameObject:
  m_PrefabParentObject: {fileID: 145324, guid: a872744625bfab449a328d62fe1385f9, type: 2}
  m_PrefabInternal: {fileID: 820765180}
--- !u!20 &899539129 stripped
Camera:
  m_PrefabParentObject: {fileID: 2000000, guid: d8c820201e8b25448bd0159a6a9b4363,
    type: 2}
  m_PrefabInternal: {fileID: 695341827}
--- !u!1 &955697173
GameObject:
  m_ObjectHideFlags: 0
  m_PrefabParentObject: {fileID: 0}
  m_PrefabInternal: {fileID: 0}
  serializedVersion: 4
  m_Component:
  - 4: {fileID: 955697174}
  - 114: {fileID: 955697175}
  m_Layer: 0
  m_Name: Master
  m_TagString: Untagged
  m_Icon: {fileID: 0}
  m_NavMeshLayer: 0
  m_StaticEditorFlags: 0
  m_IsActive: 1
--- !u!4 &955697174
Transform:
  m_ObjectHideFlags: 0
  m_PrefabParentObject: {fileID: 0}
  m_PrefabInternal: {fileID: 0}
  m_GameObject: {fileID: 955697173}
  m_LocalRotation: {x: 0, y: 0, z: 0, w: 1}
  m_LocalPosition: {x: 0, y: 0, z: 0}
  m_LocalScale: {x: 1, y: 1, z: 1}
  m_Children: []
  m_Father: {fileID: 0}
  m_RootOrder: 4
--- !u!114 &955697175
MonoBehaviour:
  m_ObjectHideFlags: 0
  m_PrefabParentObject: {fileID: 0}
  m_PrefabInternal: {fileID: 0}
  m_GameObject: {fileID: 955697173}
  m_Enabled: 1
  m_EditorHideFlags: 0
  m_Script: {fileID: 11500000, guid: 7d28b11efaf000945b550a313d07f438, type: 3}
  m_Name: 
  m_EditorClassIdentifier: 
  xTrans: {fileID: 2139003441}
  yTrans: {fileID: 1376154997}
  transTime: {fileID: 504634210}
  rotDegree: {fileID: 1963839777}
  rotTime: {fileID: 5650963}
  gravityAmount: {fileID: 1991079536}
  codeAreaText: {fileID: 1858553006}
  levelmaster: {fileID: 0}
--- !u!1 &1000868473
GameObject:
  m_ObjectHideFlags: 0
  m_PrefabParentObject: {fileID: 184096, guid: b34cec645a49b9b4ca25968d10a4f6ce, type: 2}
  m_PrefabInternal: {fileID: 1139328920}
  serializedVersion: 4
  m_Component:
  - 4: {fileID: 1000868475}
  - 61: {fileID: 1000868474}
  m_Layer: 0
  m_Name: Edge
  m_TagString: Untagged
  m_Icon: {fileID: 0}
  m_NavMeshLayer: 0
  m_StaticEditorFlags: 0
  m_IsActive: 1
--- !u!61 &1000868474
BoxCollider2D:
  m_ObjectHideFlags: 0
  m_PrefabParentObject: {fileID: 6184096, guid: b34cec645a49b9b4ca25968d10a4f6ce,
    type: 2}
  m_PrefabInternal: {fileID: 1139328920}
  m_GameObject: {fileID: 1000868473}
  m_Enabled: 1
  m_Material: {fileID: 0}
  m_IsTrigger: 0
  m_UsedByEffector: 0
  m_Offset: {x: 0, y: 0}
  serializedVersion: 2
  m_Size: {x: 1, y: 20}
--- !u!4 &1000868475
Transform:
  m_ObjectHideFlags: 0
  m_PrefabParentObject: {fileID: 484096, guid: b34cec645a49b9b4ca25968d10a4f6ce, type: 2}
  m_PrefabInternal: {fileID: 1139328920}
  m_GameObject: {fileID: 1000868473}
  m_LocalRotation: {x: 0, y: 0, z: .704967141, w: .709240019}
  m_LocalPosition: {x: 1.31079292, y: 8.96567822, z: -1.45000005}
  m_LocalScale: {x: 1, y: 1, z: 1}
  m_Children:
  - {fileID: 1575913098}
  - {fileID: 2135419921}
  m_Father: {fileID: 1776232141}
  m_RootOrder: 0
--- !u!1 &1138133441 stripped
GameObject:
  m_PrefabParentObject: {fileID: 100244, guid: a872744625bfab449a328d62fe1385f9, type: 2}
  m_PrefabInternal: {fileID: 820765180}
--- !u!1001 &1139328920
Prefab:
  m_ObjectHideFlags: 0
  serializedVersion: 2
  m_Modification:
    m_TransformParent: {fileID: 1776232141}
    m_Modifications:
    - target: {fileID: 484096, guid: b34cec645a49b9b4ca25968d10a4f6ce, type: 2}
      propertyPath: m_LocalPosition.x
      value: 1.31079292
      objectReference: {fileID: 0}
    - target: {fileID: 484096, guid: b34cec645a49b9b4ca25968d10a4f6ce, type: 2}
      propertyPath: m_LocalPosition.y
      value: 8.96567822
      objectReference: {fileID: 0}
    - target: {fileID: 484096, guid: b34cec645a49b9b4ca25968d10a4f6ce, type: 2}
      propertyPath: m_LocalPosition.z
      value: -1.45000005
      objectReference: {fileID: 0}
    - target: {fileID: 484096, guid: b34cec645a49b9b4ca25968d10a4f6ce, type: 2}
      propertyPath: m_LocalRotation.x
      value: 0
      objectReference: {fileID: 0}
    - target: {fileID: 484096, guid: b34cec645a49b9b4ca25968d10a4f6ce, type: 2}
      propertyPath: m_LocalRotation.y
      value: 0
      objectReference: {fileID: 0}
    - target: {fileID: 484096, guid: b34cec645a49b9b4ca25968d10a4f6ce, type: 2}
      propertyPath: m_LocalRotation.z
      value: .704967141
      objectReference: {fileID: 0}
    - target: {fileID: 484096, guid: b34cec645a49b9b4ca25968d10a4f6ce, type: 2}
      propertyPath: m_LocalRotation.w
      value: .709240019
      objectReference: {fileID: 0}
    - target: {fileID: 484096, guid: b34cec645a49b9b4ca25968d10a4f6ce, type: 2}
      propertyPath: m_RootOrder
      value: 0
      objectReference: {fileID: 0}
    - target: {fileID: 184096, guid: b34cec645a49b9b4ca25968d10a4f6ce, type: 2}
      propertyPath: m_Name
      value: Edge
      objectReference: {fileID: 0}
    m_RemovedComponents: []
  m_ParentPrefab: {fileID: 100100000, guid: b34cec645a49b9b4ca25968d10a4f6ce, type: 2}
  m_IsPrefabParent: 0
--- !u!1 &1200184684 stripped
GameObject:
  m_PrefabParentObject: {fileID: 100060, guid: a872744625bfab449a328d62fe1385f9, type: 2}
  m_PrefabInternal: {fileID: 820765180}
--- !u!1 &1209462676
GameObject:
  m_ObjectHideFlags: 0
  m_PrefabParentObject: {fileID: 100002, guid: bc45a844a53780242b88c0db16074f63, type: 2}
  m_PrefabInternal: {fileID: 2135786295}
  serializedVersion: 4
  m_Component:
  - 4: {fileID: 1209462679}
  - 212: {fileID: 1209462678}
  - 95: {fileID: 1209462677}
  - 114: {fileID: 1209462680}
  - 50: {fileID: 1209462682}
  - 60: {fileID: 1209462681}
  - 114: {fileID: 1209462683}
  m_Layer: 10
  m_Name: Character
  m_TagString: Untagged
  m_Icon: {fileID: 0}
  m_NavMeshLayer: 0
  m_StaticEditorFlags: 0
  m_IsActive: 1
--- !u!95 &1209462677
Animator:
  serializedVersion: 3
  m_ObjectHideFlags: 0
  m_PrefabParentObject: {fileID: 9500000, guid: bc45a844a53780242b88c0db16074f63,
    type: 2}
  m_PrefabInternal: {fileID: 2135786295}
  m_GameObject: {fileID: 1209462676}
  m_Enabled: 1
  m_Avatar: {fileID: 0}
  m_Controller: {fileID: 9100000, guid: aef71cd22a3010b4b8fb75b1b6470638, type: 2}
  m_CullingMode: 0
  m_UpdateMode: 0
  m_ApplyRootMotion: 0
  m_LinearVelocityBlending: 0
  m_WarningMessage: 
  m_HasTransformHierarchy: 1
  m_AllowConstantClipSamplingOptimization: 1
--- !u!212 &1209462678
SpriteRenderer:
  m_ObjectHideFlags: 0
  m_PrefabParentObject: {fileID: 21200000, guid: bc45a844a53780242b88c0db16074f63,
    type: 2}
  m_PrefabInternal: {fileID: 2135786295}
  m_GameObject: {fileID: 1209462676}
  m_Enabled: 1
  m_CastShadows: 0
  m_ReceiveShadows: 0
  m_Materials:
  - {fileID: 10754, guid: 0000000000000000e000000000000000, type: 0}
  m_SubsetIndices: 
  m_StaticBatchRoot: {fileID: 0}
  m_UseLightProbes: 0
  m_ReflectionProbeUsage: 0
  m_ProbeAnchor: {fileID: 0}
  m_ScaleInLightmap: 1
  m_PreserveUVs: 0
  m_ImportantGI: 0
  m_AutoUVMaxDistance: .5
  m_AutoUVMaxAngle: 89
  m_LightmapParameters: {fileID: 0}
  m_SortingLayerID: 0
  m_SortingOrder: 1
  m_Sprite: {fileID: 21300000, guid: e87d967c10ea1c04f9ca43e03bfddae7, type: 3}
  m_Color: {r: 1, g: 1, b: 1, a: 1}
--- !u!4 &1209462679
Transform:
  m_ObjectHideFlags: 0
  m_PrefabParentObject: {fileID: 400002, guid: bc45a844a53780242b88c0db16074f63, type: 2}
  m_PrefabInternal: {fileID: 2135786295}
  m_GameObject: {fileID: 1209462676}
  m_LocalRotation: {x: 0, y: 0, z: 0, w: 1}
  m_LocalPosition: {x: -7.69000006, y: -.717000008, z: 0}
  m_LocalScale: {x: .204139516, y: .204139784, z: .342886269}
  m_Children:
  - {fileID: 1447368621}
  - {fileID: 1596724220}
  m_Father: {fileID: 0}
  m_RootOrder: 7
--- !u!114 &1209462680
MonoBehaviour:
  m_ObjectHideFlags: 0
  m_PrefabParentObject: {fileID: 11400000, guid: bc45a844a53780242b88c0db16074f63,
    type: 2}
  m_PrefabInternal: {fileID: 2135786295}
  m_GameObject: {fileID: 1209462676}
  m_Enabled: 1
  m_EditorHideFlags: 0
  m_Script: {fileID: 11500000, guid: def8cdef7d8d77e46b958cdefd719b12, type: 3}
  m_Name: 
  m_EditorClassIdentifier: 
--- !u!60 &1209462681
PolygonCollider2D:
  m_ObjectHideFlags: 0
  m_PrefabParentObject: {fileID: 6000000, guid: bc45a844a53780242b88c0db16074f63,
    type: 2}
  m_PrefabInternal: {fileID: 2135786295}
  m_GameObject: {fileID: 1209462676}
  m_Enabled: 1
  m_Material: {fileID: 0}
  m_IsTrigger: 0
  m_UsedByEffector: 0
  m_Offset: {x: 0, y: 0}
  m_Points:
    m_Paths:
    - - {x: .17052941, y: -2.13817644}
      - {x: .144294113, y: -2.37429404}
      - {x: .275470585, y: -3.0301764}
      - {x: .118058823, y: -3.2400589}
      - {x: .118058823, y: -3.34500003}
      - {x: .983823538, y: -3.34500003}
      - {x: 1.08876467, y: -2.66288233}
      - {x: 1.08876467, y: -2.37429404}
      - {x: 1.14123523, y: -1.90205884}
      - {x: 1.48229408, y: -1.56099999}
      - {x: 1.58723533, y: -1.14123523}
      - {x: 1.45605886, y: -.0918235257}
      - {x: 1.24617648, y: .511588216}
      - {x: 1.61347055, y: .695235312}
      - {x: 1.79711759, y: .905117631}
      - {x: 1.90205884, y: 1.32488239}
      - {x: 1.9545294, y: 1.98076463}
      - {x: 1.9545294, y: 2.7940588}
      - {x: 1.71841168, y: 2.89899993}
      - {x: 1.48229408, y: 2.84652948}
      - {x: 1.37735295, y: 3.08264709}
      - {x: 1.2724117, y: 3.16135287}
      - {x: .695235312, y: 3.2400589}
      - {x: .642764688, y: 3.34500003}
      - {x: .275470585, y: 3.34500003}
      - {x: -.275470585, y: 3.18758821}
      - {x: -.301705867, y: 3.34500003}
      - {x: -.537823498, y: 3.34500003}
      - {x: -.642764688, y: 3.29252934}
      - {x: -.931352913, y: 3.05641174}
      - {x: -1.32488239, y: 3.08264709}
      - {x: -1.48229408, y: 2.87276459}
      - {x: -1.6397059, y: 2.37429404}
      - {x: -1.8758235, y: 2.00699997}
      - {x: -1.9545294, y: 1.82335293}
      - {x: -1.9545294, y: 1.11500001}
      - {x: -1.8758235, y: .931352913}
      - {x: -1.74464703, y: .773941159}
      - {x: -1.2724117, y: .485352933}
      - {x: -1.50852942, y: -.0131176468}
      - {x: -1.61347055, y: -.616529405}
      - {x: -1.66594112, y: -1.40358818}
      - {x: -1.21994114, y: -1.82335293}
      - {x: -1.24617648, y: -2.03323531}
      - {x: -1.24617648, y: -2.37429404}
      - {x: -1.11500001, y: -3.05641174}
      - {x: -1.2724117, y: -3.266294}
      - {x: -1.2724117, y: -3.34500003}
      - {x: -.432882339, y: -3.34500003}
      - {x: -.354176462, y: -3.0301764}
      - {x: -.327941179, y: -2.66288233}
      - {x: -.275470585, y: -2.24311757}
--- !u!50 &1209462682
Rigidbody2D:
  serializedVersion: 2
  m_ObjectHideFlags: 0
  m_PrefabParentObject: {fileID: 5000000, guid: bc45a844a53780242b88c0db16074f63,
    type: 2}
  m_PrefabInternal: {fileID: 2135786295}
  m_GameObject: {fileID: 1209462676}
  m_Mass: 1
  m_LinearDrag: 0
  m_AngularDrag: .0500000007
  m_GravityScale: 1
  m_IsKinematic: 0
  m_Interpolate: 0
  m_SleepingMode: 1
  m_CollisionDetection: 0
  m_Constraints: 4
--- !u!114 &1209462683
MonoBehaviour:
  m_ObjectHideFlags: 0
  m_PrefabParentObject: {fileID: 11400002, guid: bc45a844a53780242b88c0db16074f63,
    type: 2}
  m_PrefabInternal: {fileID: 2135786295}
  m_GameObject: {fileID: 1209462676}
  m_Enabled: 1
  m_EditorHideFlags: 0
  m_Script: {fileID: 11500000, guid: f9a11e0c4f9677342b3dba82acba9c3b, type: 3}
  m_Name: 
  m_EditorClassIdentifier: 
  menu: []
  codeArea: {fileID: 1893581976}
  speechBuble: {fileID: 721375930}
  inputField: {fileID: 1200184684}
  codeAreaInput: {fileID: 1858553006}
  bubleText: {fileID: 1305891590}
  codeAreaShown: 0
  player: {fileID: 1209462680}
  objectSpawner: {fileID: 1209462679}
  ruler: {fileID: 1219204651}
  testObject: {fileID: 0}
  placeButton: {fileID: 820765181}
  levelmaster: {fileID: 0}
  doTranslation: 0
  timeFix: 1
  runCode: 0
  executeInput: 0
  usedCommand: 1
  _placeObject: 0
--- !u!1 &1219204651
GameObject:
  m_ObjectHideFlags: 0
  m_PrefabParentObject: {fileID: 0}
  m_PrefabInternal: {fileID: 0}
  serializedVersion: 4
  m_Component:
  - 4: {fileID: 1219204653}
  - 212: {fileID: 1219204652}
  m_Layer: 0
  m_Name: Ruler
  m_TagString: Untagged
  m_Icon: {fileID: 0}
  m_NavMeshLayer: 0
  m_StaticEditorFlags: 0
  m_IsActive: 0
--- !u!212 &1219204652
SpriteRenderer:
  m_ObjectHideFlags: 0
  m_PrefabParentObject: {fileID: 0}
  m_PrefabInternal: {fileID: 0}
  m_GameObject: {fileID: 1219204651}
  m_Enabled: 1
  m_CastShadows: 0
  m_ReceiveShadows: 0
  m_Materials:
  - {fileID: 10754, guid: 0000000000000000e000000000000000, type: 0}
  m_SubsetIndices: 
  m_StaticBatchRoot: {fileID: 0}
  m_UseLightProbes: 0
  m_ReflectionProbeUsage: 0
  m_ProbeAnchor: {fileID: 0}
  m_ScaleInLightmap: 1
  m_PreserveUVs: 0
  m_ImportantGI: 0
  m_AutoUVMaxDistance: .5
  m_AutoUVMaxAngle: 89
  m_LightmapParameters: {fileID: 0}
  m_SortingLayerID: 0
  m_SortingOrder: 100
  m_Sprite: {fileID: 21300000, guid: caa59264b0ed26642b0a0126e38de307, type: 3}
  m_Color: {r: 1, g: 1, b: 1, a: 1}
--- !u!4 &1219204653
Transform:
  m_ObjectHideFlags: 0
  m_PrefabParentObject: {fileID: 0}
  m_PrefabInternal: {fileID: 0}
  m_GameObject: {fileID: 1219204651}
  m_LocalRotation: {x: 0, y: 0, z: 0, w: 1}
  m_LocalPosition: {x: -.0500000007, y: -4.17999983, z: 0}
  m_LocalScale: {x: 1.44439447, y: 1, z: 1}
  m_Children: []
  m_Father: {fileID: 0}
  m_RootOrder: 9
--- !u!1 &1272905453 stripped
GameObject:
  m_PrefabParentObject: {fileID: 100248, guid: a872744625bfab449a328d62fe1385f9, type: 2}
  m_PrefabInternal: {fileID: 820765180}
--- !u!1 &1295216441 stripped
GameObject:
  m_PrefabParentObject: {fileID: 100000, guid: d84d1370367354a45b2feb483814a949, type: 2}
  m_PrefabInternal: {fileID: 207898524}
--- !u!114 &1295216442 stripped
MonoBehaviour:
  m_PrefabParentObject: {fileID: 11400000, guid: d84d1370367354a45b2feb483814a949,
    type: 2}
  m_PrefabInternal: {fileID: 207898524}
  m_Script: {fileID: 11500000, guid: 7412bb1da75d1e44aaa94b7cb16156ab, type: 3}
--- !u!114 &1295216444
MonoBehaviour:
  m_ObjectHideFlags: 0
  m_PrefabParentObject: {fileID: 0}
  m_PrefabInternal: {fileID: 0}
  m_GameObject: {fileID: 1295216441}
  m_Enabled: 1
  m_EditorHideFlags: 0
  m_Script: {fileID: 11500000, guid: 6b9a9df6b2d325b499f53f2c342a2aae, type: 3}
  m_Name: 
  m_EditorClassIdentifier: 
  hint: {fileID: 1901775174}
  hintButton: {fileID: 898900420}
--- !u!114 &1305891590 stripped
MonoBehaviour:
  m_PrefabParentObject: {fileID: 11400230, guid: a872744625bfab449a328d62fe1385f9,
    type: 2}
  m_PrefabInternal: {fileID: 820765180}
  m_Script: {fileID: 708705254, guid: f5f67c52d1564df4a8936ccd202a3bd8, type: 3}
--- !u!1 &1307545423 stripped
GameObject:
  m_PrefabParentObject: {fileID: 100068, guid: a872744625bfab449a328d62fe1385f9, type: 2}
  m_PrefabInternal: {fileID: 820765180}
--- !u!1 &1320262561
GameObject:
  m_ObjectHideFlags: 0
  m_PrefabParentObject: {fileID: 0}
  m_PrefabInternal: {fileID: 0}
  serializedVersion: 4
  m_Component:
  - 4: {fileID: 1320262562}
  m_Layer: 0
  m_Name: Platform
  m_TagString: Untagged
  m_Icon: {fileID: 0}
  m_NavMeshLayer: 0
  m_StaticEditorFlags: 0
  m_IsActive: 1
--- !u!4 &1320262562
Transform:
  m_ObjectHideFlags: 0
  m_PrefabParentObject: {fileID: 0}
  m_PrefabInternal: {fileID: 0}
  m_GameObject: {fileID: 1320262561}
  m_LocalRotation: {x: 0, y: 0, z: 0, w: 1}
  m_LocalPosition: {x: .98079294, y: .185677707, z: 0}
  m_LocalScale: {x: 1.54936898, y: 1.54936922, z: 1.54936922}
  m_Children:
  - {fileID: 514463350}
  m_Father: {fileID: 1393094788}
  m_RootOrder: 0
--- !u!1 &1358017006 stripped
GameObject:
  m_PrefabParentObject: {fileID: 100146, guid: a872744625bfab449a328d62fe1385f9, type: 2}
  m_PrefabInternal: {fileID: 820765180}
--- !u!114 &1376154997 stripped
MonoBehaviour:
  m_PrefabParentObject: {fileID: 11400240, guid: a872744625bfab449a328d62fe1385f9,
    type: 2}
  m_PrefabInternal: {fileID: 820765180}
  m_Script: {fileID: 708705254, guid: f5f67c52d1564df4a8936ccd202a3bd8, type: 3}
--- !u!1 &1390451179
GameObject:
  m_ObjectHideFlags: 0
  m_PrefabParentObject: {fileID: 0}
  m_PrefabInternal: {fileID: 0}
  serializedVersion: 4
  m_Component:
  - 4: {fileID: 1390451180}
  - 212: {fileID: 1390451181}
  - 111: {fileID: 1390451182}
  m_Layer: 8
  m_Name: Lever
  m_TagString: Untagged
  m_Icon: {fileID: 0}
  m_NavMeshLayer: 0
  m_StaticEditorFlags: 0
  m_IsActive: 1
--- !u!4 &1390451180
Transform:
  m_ObjectHideFlags: 0
  m_PrefabParentObject: {fileID: 0}
  m_PrefabInternal: {fileID: 0}
  m_GameObject: {fileID: 1390451179}
  m_LocalRotation: {x: 0, y: 0, z: .43312943, w: .901331782}
  m_LocalPosition: {x: .00400001789, y: 0, z: 0}
  m_LocalScale: {x: .65199703, y: .651996255, z: .651996255}
  m_Children: []
  m_Father: {fileID: 559724872}
  m_RootOrder: 0
--- !u!212 &1390451181
SpriteRenderer:
  m_ObjectHideFlags: 0
  m_PrefabParentObject: {fileID: 0}
  m_PrefabInternal: {fileID: 0}
  m_GameObject: {fileID: 1390451179}
  m_Enabled: 1
  m_CastShadows: 0
  m_ReceiveShadows: 0
  m_Materials:
  - {fileID: 10754, guid: 0000000000000000e000000000000000, type: 0}
  m_SubsetIndices: 
  m_StaticBatchRoot: {fileID: 0}
  m_UseLightProbes: 0
  m_ReflectionProbeUsage: 0
  m_ProbeAnchor: {fileID: 0}
  m_ScaleInLightmap: 1
  m_PreserveUVs: 0
  m_ImportantGI: 0
  m_AutoUVMaxDistance: .5
  m_AutoUVMaxAngle: 89
  m_LightmapParameters: {fileID: 0}
  m_SortingLayerID: 0
  m_SortingOrder: 0
  m_Sprite: {fileID: 21300000, guid: 19135e66a1fa54141a5662f7c0065307, type: 3}
  m_Color: {r: 1, g: 1, b: 1, a: 1}
--- !u!111 &1390451182
Animation:
  m_ObjectHideFlags: 0
  m_PrefabParentObject: {fileID: 0}
  m_PrefabInternal: {fileID: 0}
  m_GameObject: {fileID: 1390451179}
  m_Enabled: 1
  serializedVersion: 3
  m_Animation: {fileID: 0}
  m_Animations:
  - {fileID: 7400000, guid: 91aae2e33a0c3f64cbc4f8363ec76d6b, type: 2}
  - {fileID: 7400000, guid: d093583b3fc36a24c8da7fccb3e389f0, type: 2}
  m_WrapMode: 0
  m_PlayAutomatically: 1
  m_AnimatePhysics: 0
  m_CullingType: 0
--- !u!1 &1393094787
GameObject:
  m_ObjectHideFlags: 0
  m_PrefabParentObject: {fileID: 0}
  m_PrefabInternal: {fileID: 0}
  serializedVersion: 4
  m_Component:
  - 4: {fileID: 1393094788}
  m_Layer: 0
  m_Name: Dynamic
  m_TagString: Untagged
  m_Icon: {fileID: 0}
  m_NavMeshLayer: 0
  m_StaticEditorFlags: 0
  m_IsActive: 1
--- !u!4 &1393094788
Transform:
  m_ObjectHideFlags: 0
  m_PrefabParentObject: {fileID: 0}
  m_PrefabInternal: {fileID: 0}
  m_GameObject: {fileID: 1393094787}
  m_LocalRotation: {x: 0, y: 0, z: 0, w: 1}
  m_LocalPosition: {x: -.930792928, y: .00432229042, z: 0}
  m_LocalScale: {x: 1, y: 1, z: 1}
  m_Children:
  - {fileID: 1320262562}
  - {fileID: 559724872}
  - {fileID: 1911650090}
  m_Father: {fileID: 0}
  m_RootOrder: 5
--- !u!1 &1417121396
GameObject:
  m_ObjectHideFlags: 0
  m_PrefabParentObject: {fileID: 0}
  m_PrefabInternal: {fileID: 0}
  serializedVersion: 4
  m_Component:
  - 4: {fileID: 1417121398}
  - 212: {fileID: 1417121397}
  m_Layer: 0
  m_Name: Win flag
  m_TagString: Untagged
  m_Icon: {fileID: 0}
  m_NavMeshLayer: 0
  m_StaticEditorFlags: 0
  m_IsActive: 1
--- !u!212 &1417121397
SpriteRenderer:
  m_ObjectHideFlags: 0
  m_PrefabParentObject: {fileID: 0}
  m_PrefabInternal: {fileID: 0}
  m_GameObject: {fileID: 1417121396}
  m_Enabled: 1
  m_CastShadows: 0
  m_ReceiveShadows: 0
  m_Materials:
  - {fileID: 10754, guid: 0000000000000000e000000000000000, type: 0}
  m_SubsetIndices: 
  m_StaticBatchRoot: {fileID: 0}
  m_UseLightProbes: 0
  m_ReflectionProbeUsage: 0
  m_ProbeAnchor: {fileID: 0}
  m_ScaleInLightmap: 1
  m_PreserveUVs: 0
  m_ImportantGI: 0
  m_AutoUVMaxDistance: .5
  m_AutoUVMaxAngle: 89
  m_LightmapParameters: {fileID: 0}
  m_SortingLayerID: 0
  m_SortingOrder: 0
  m_Sprite: {fileID: 21300000, guid: 3d586437c31233442a0eef56e6a5ca55, type: 3}
  m_Color: {r: 1, g: 1, b: 1, a: 1}
--- !u!4 &1417121398
Transform:
  m_ObjectHideFlags: 0
  m_PrefabParentObject: {fileID: 0}
  m_PrefabInternal: {fileID: 0}
  m_GameObject: {fileID: 1417121396}
  m_LocalRotation: {x: 0, y: 0, z: 0, w: 1}
  m_LocalPosition: {x: 8.78079319, y: 1.8856777, z: 0}
  m_LocalScale: {x: 1.72969556, y: 1.7296958, z: 1.7296958}
  m_Children:
  - {fileID: 1569393615}
  m_Father: {fileID: 1776232141}
  m_RootOrder: 1
--- !u!1 &1447368620
GameObject:
  m_ObjectHideFlags: 0
  m_PrefabParentObject: {fileID: 100004, guid: bc45a844a53780242b88c0db16074f63, type: 2}
  m_PrefabInternal: {fileID: 2135786295}
  serializedVersion: 4
  m_Component:
  - 4: {fileID: 1447368621}
  m_Layer: 10
  m_Name: ObjectSpawner
  m_TagString: Untagged
  m_Icon: {fileID: 0}
  m_NavMeshLayer: 0
  m_StaticEditorFlags: 0
  m_IsActive: 1
--- !u!4 &1447368621
Transform:
  m_ObjectHideFlags: 0
  m_PrefabParentObject: {fileID: 400004, guid: bc45a844a53780242b88c0db16074f63, type: 2}
  m_PrefabInternal: {fileID: 2135786295}
  m_GameObject: {fileID: 1447368620}
  m_LocalRotation: {x: 0, y: 0, z: 0, w: 1}
  m_LocalPosition: {x: 0, y: -3.23000002, z: 0}
  m_LocalScale: {x: 1, y: 1, z: 1}
  m_Children: []
  m_Father: {fileID: 1209462679}
  m_RootOrder: 0
--- !u!1 &1515977621
GameObject:
  m_ObjectHideFlags: 0
  m_PrefabParentObject: {fileID: 0}
  m_PrefabInternal: {fileID: 0}
  serializedVersion: 4
  m_Component:
  - 4: {fileID: 1515977623}
  - 212: {fileID: 1515977622}
  - 61: {fileID: 1515977625}
  - 114: {fileID: 1515977624}
  m_Layer: 0
  m_Name: Death
  m_TagString: Untagged
  m_Icon: {fileID: 0}
  m_NavMeshLayer: 0
  m_StaticEditorFlags: 0
  m_IsActive: 1
--- !u!212 &1515977622
SpriteRenderer:
  m_ObjectHideFlags: 0
  m_PrefabParentObject: {fileID: 0}
  m_PrefabInternal: {fileID: 0}
  m_GameObject: {fileID: 1515977621}
  m_Enabled: 1
  m_CastShadows: 0
  m_ReceiveShadows: 0
  m_Materials:
  - {fileID: 10754, guid: 0000000000000000e000000000000000, type: 0}
  m_SubsetIndices: 
  m_StaticBatchRoot: {fileID: 0}
  m_UseLightProbes: 0
  m_ReflectionProbeUsage: 0
  m_ProbeAnchor: {fileID: 0}
  m_ScaleInLightmap: 1
  m_PreserveUVs: 0
  m_ImportantGI: 0
  m_AutoUVMaxDistance: .5
  m_AutoUVMaxAngle: 89
  m_LightmapParameters: {fileID: 0}
  m_SortingLayerID: 0
  m_SortingOrder: 10
  m_Sprite: {fileID: 21300000, guid: cceffd821f29ef749b7d096ce1d42a4f, type: 3}
  m_Color: {r: 1, g: 1, b: 1, a: 1}
--- !u!4 &1515977623
Transform:
  m_ObjectHideFlags: 0
  m_PrefabParentObject: {fileID: 0}
  m_PrefabInternal: {fileID: 0}
  m_GameObject: {fileID: 1515977621}
  m_LocalRotation: {x: 0, y: 0, z: 0, w: 1}
  m_LocalPosition: {x: -1.97920716, y: .195677713, z: 0}
  m_LocalScale: {x: 1.10687494, y: 1, z: 1}
  m_Children: []
  m_Father: {fileID: 1776232141}
  m_RootOrder: 2
--- !u!114 &1515977624
MonoBehaviour:
  m_ObjectHideFlags: 0
  m_PrefabParentObject: {fileID: 0}
  m_PrefabInternal: {fileID: 0}
  m_GameObject: {fileID: 1515977621}
  m_Enabled: 1
  m_EditorHideFlags: 0
  m_Script: {fileID: 11500000, guid: 1589e495af5dc8e4f89e0e1ffd492b4f, type: 3}
  m_Name: 
  m_EditorClassIdentifier: 
--- !u!61 &1515977625
BoxCollider2D:
  m_ObjectHideFlags: 0
  m_PrefabParentObject: {fileID: 0}
  m_PrefabInternal: {fileID: 0}
  m_GameObject: {fileID: 1515977621}
  m_Enabled: 1
  m_Material: {fileID: 0}
  m_IsTrigger: 0
  m_UsedByEffector: 0
  m_Offset: {x: 0, y: 0}
  serializedVersion: 2
  m_Size: {x: 1.25, y: .25}
--- !u!4 &1569393615 stripped
Transform:
  m_PrefabParentObject: {fileID: 400000, guid: 058410824d93fcf4284f2acf17045d89, type: 2}
  m_PrefabInternal: {fileID: 275790463}
--- !u!1 &1575913097
GameObject:
  m_ObjectHideFlags: 0
  m_PrefabParentObject: {fileID: 184092, guid: b34cec645a49b9b4ca25968d10a4f6ce, type: 2}
  m_PrefabInternal: {fileID: 1139328920}
  serializedVersion: 4
  m_Component:
  - 4: {fileID: 1575913098}
  - 61: {fileID: 1575913099}
  m_Layer: 0
  m_Name: GameObject
  m_TagString: Untagged
  m_Icon: {fileID: 0}
  m_NavMeshLayer: 0
  m_StaticEditorFlags: 0
  m_IsActive: 1
--- !u!4 &1575913098
Transform:
  m_ObjectHideFlags: 0
  m_PrefabParentObject: {fileID: 484092, guid: b34cec645a49b9b4ca25968d10a4f6ce, type: 2}
  m_PrefabInternal: {fileID: 1139328920}
  m_GameObject: {fileID: 1575913097}
  m_LocalRotation: {x: 0, y: 0, z: -.704967141, w: .709240019}
  m_LocalPosition: {x: -9.46910763, y: 9.75296021, z: 0}
  m_LocalScale: {x: 1, y: 1, z: 1}
  m_Children: []
  m_Father: {fileID: 1000868475}
  m_RootOrder: 0
--- !u!61 &1575913099
BoxCollider2D:
  m_ObjectHideFlags: 0
  m_PrefabParentObject: {fileID: 6184092, guid: b34cec645a49b9b4ca25968d10a4f6ce,
    type: 2}
  m_PrefabInternal: {fileID: 1139328920}
  m_GameObject: {fileID: 1575913097}
  m_Enabled: 1
  m_Material: {fileID: 0}
  m_IsTrigger: 0
  m_UsedByEffector: 0
  m_Offset: {x: 0, y: 0}
  serializedVersion: 2
  m_Size: {x: 1, y: 20}
--- !u!1 &1596724217
GameObject:
  m_ObjectHideFlags: 0
  m_PrefabParentObject: {fileID: 100000, guid: bc45a844a53780242b88c0db16074f63, type: 2}
  m_PrefabInternal: {fileID: 2135786295}
  serializedVersion: 4
  m_Component:
  - 4: {fileID: 1596724220}
  - 23: {fileID: 1596724219}
  - 111: {fileID: 1596724221}
  m_Layer: 0
  m_Name: depleteScore
  m_TagString: Untagged
  m_Icon: {fileID: 0}
  m_NavMeshLayer: 0
  m_StaticEditorFlags: 0
  m_IsActive: 1
--- !u!23 &1596724219
MeshRenderer:
  m_ObjectHideFlags: 0
  m_PrefabParentObject: {fileID: 2300000, guid: bc45a844a53780242b88c0db16074f63,
    type: 2}
  m_PrefabInternal: {fileID: 2135786295}
  m_GameObject: {fileID: 1596724217}
  m_Enabled: 1
  m_CastShadows: 1
  m_ReceiveShadows: 1
  m_Materials:
  - {fileID: 10100, guid: 0000000000000000e000000000000000, type: 0}
  m_SubsetIndices: 
  m_StaticBatchRoot: {fileID: 0}
  m_UseLightProbes: 0
  m_ReflectionProbeUsage: 1
  m_ProbeAnchor: {fileID: 0}
  m_ScaleInLightmap: 1
  m_PreserveUVs: 0
  m_ImportantGI: 0
  m_AutoUVMaxDistance: .5
  m_AutoUVMaxAngle: 89
  m_LightmapParameters: {fileID: 0}
  m_SortingLayerID: 0
  m_SortingOrder: 0
--- !u!4 &1596724220
Transform:
  m_ObjectHideFlags: 0
  m_PrefabParentObject: {fileID: 400000, guid: bc45a844a53780242b88c0db16074f63, type: 2}
  m_PrefabInternal: {fileID: 2135786295}
  m_GameObject: {fileID: 1596724217}
  m_LocalRotation: {x: 0, y: 0, z: 0, w: 1}
  m_LocalPosition: {x: .195944235, y: 3.77192473, z: -.583283842}
  m_LocalScale: {x: .192507014, y: .192506805, z: .114610299}
  m_Children: []
  m_Father: {fileID: 1209462679}
  m_RootOrder: 1
--- !u!111 &1596724221
Animation:
  m_ObjectHideFlags: 0
  m_PrefabParentObject: {fileID: 11100000, guid: bc45a844a53780242b88c0db16074f63,
    type: 2}
  m_PrefabInternal: {fileID: 2135786295}
  m_GameObject: {fileID: 1596724217}
  m_Enabled: 0
  serializedVersion: 3
  m_Animation: {fileID: 7400000, guid: f5d89bb591eddd642bedd4cdc1e5ff39, type: 2}
  m_Animations:
  - {fileID: 7400000, guid: f5d89bb591eddd642bedd4cdc1e5ff39, type: 2}
  m_WrapMode: 0
  m_PlayAutomatically: 0
  m_AnimatePhysics: 0
  m_CullingType: 0
--- !u!114 &1698543531 stripped
MonoBehaviour:
  m_PrefabParentObject: {fileID: 11400362, guid: a872744625bfab449a328d62fe1385f9,
    type: 2}
  m_PrefabInternal: {fileID: 820765180}
  m_Script: {fileID: 708705254, guid: f5f67c52d1564df4a8936ccd202a3bd8, type: 3}
--- !u!1 &1776232140
GameObject:
  m_ObjectHideFlags: 0
  m_PrefabParentObject: {fileID: 0}
  m_PrefabInternal: {fileID: 0}
  serializedVersion: 4
  m_Component:
  - 4: {fileID: 1776232141}
  m_Layer: 0
  m_Name: Static
  m_TagString: Untagged
  m_Icon: {fileID: 0}
  m_NavMeshLayer: 0
  m_StaticEditorFlags: 0
  m_IsActive: 1
--- !u!4 &1776232141
Transform:
  m_ObjectHideFlags: 0
  m_PrefabParentObject: {fileID: 0}
  m_PrefabInternal: {fileID: 0}
  m_GameObject: {fileID: 1776232140}
  m_LocalRotation: {x: 0, y: 0, z: 0, w: 1}
  m_LocalPosition: {x: -.930792928, y: .00432229042, z: 0}
  m_LocalScale: {x: 1, y: 1, z: 1}
  m_Children:
  - {fileID: 1000868475}
  - {fileID: 1417121398}
  - {fileID: 1515977623}
  - {fileID: 895099249}
  - {fileID: 1908133996}
  - {fileID: 550622326}
  m_Father: {fileID: 0}
  m_RootOrder: 6
--- !u!1 &1858553004 stripped
GameObject:
  m_PrefabParentObject: {fileID: 100100, guid: a872744625bfab449a328d62fe1385f9, type: 2}
  m_PrefabInternal: {fileID: 820765180}
--- !u!114 &1858553006 stripped
MonoBehaviour:
  m_PrefabParentObject: {fileID: 11400168, guid: a872744625bfab449a328d62fe1385f9,
    type: 2}
  m_PrefabInternal: {fileID: 820765180}
  m_Script: {fileID: 575553740, guid: f5f67c52d1564df4a8936ccd202a3bd8, type: 3}
--- !u!1 &1893581976 stripped
GameObject:
  m_PrefabParentObject: {fileID: 100108, guid: a872744625bfab449a328d62fe1385f9, type: 2}
  m_PrefabInternal: {fileID: 820765180}
--- !u!1 &1901775174
GameObject:
  m_ObjectHideFlags: 0
  m_PrefabParentObject: {fileID: 0}
  m_PrefabInternal: {fileID: 0}
  serializedVersion: 4
  m_Component:
  - 4: {fileID: 1901775176}
  - 212: {fileID: 1901775175}
  m_Layer: 0
  m_Name: Hint
  m_TagString: Untagged
  m_Icon: {fileID: 0}
  m_NavMeshLayer: 0
  m_StaticEditorFlags: 0
  m_IsActive: 0
--- !u!212 &1901775175
SpriteRenderer:
  m_ObjectHideFlags: 0
  m_PrefabParentObject: {fileID: 0}
  m_PrefabInternal: {fileID: 0}
  m_GameObject: {fileID: 1901775174}
  m_Enabled: 1
  m_CastShadows: 0
  m_ReceiveShadows: 0
  m_Materials:
  - {fileID: 10754, guid: 0000000000000000e000000000000000, type: 0}
  m_SubsetIndices: 
  m_StaticBatchRoot: {fileID: 0}
  m_UseLightProbes: 0
  m_ReflectionProbeUsage: 0
  m_ProbeAnchor: {fileID: 0}
  m_ScaleInLightmap: 1
  m_PreserveUVs: 0
  m_ImportantGI: 0
  m_AutoUVMaxDistance: .5
  m_AutoUVMaxAngle: 89
  m_LightmapParameters: {fileID: 0}
  m_SortingLayerID: 0
  m_SortingOrder: 100
  m_Sprite: {fileID: 21300000, guid: 74239ca08caebdd4cb70f422ef93d8ba, type: 3}
  m_Color: {r: 1, g: 1, b: 1, a: 1}
--- !u!4 &1901775176
Transform:
  m_ObjectHideFlags: 0
  m_PrefabParentObject: {fileID: 0}
  m_PrefabInternal: {fileID: 0}
  m_GameObject: {fileID: 1901775174}
  m_LocalRotation: {x: 0, y: 0, z: 0, w: 1}
  m_LocalPosition: {x: 6.01000023, y: -.709999979, z: 0}
  m_LocalScale: {x: 1, y: 1, z: 1}
  m_Children: []
  m_Father: {fileID: 0}
  m_RootOrder: 8
--- !u!1 &1908133994
GameObject:
  m_ObjectHideFlags: 0
  m_PrefabParentObject: {fileID: 0}
  m_PrefabInternal: {fileID: 0}
  serializedVersion: 4
  m_Component:
  - 4: {fileID: 1908133996}
  - 212: {fileID: 1908133995}
  m_Layer: 0
  m_Name: Background
  m_TagString: Untagged
  m_Icon: {fileID: 0}
  m_NavMeshLayer: 0
  m_StaticEditorFlags: 0
  m_IsActive: 1
--- !u!212 &1908133995
SpriteRenderer:
  m_ObjectHideFlags: 0
  m_PrefabParentObject: {fileID: 0}
  m_PrefabInternal: {fileID: 0}
  m_GameObject: {fileID: 1908133994}
  m_Enabled: 1
  m_CastShadows: 0
  m_ReceiveShadows: 0
  m_Materials:
  - {fileID: 10754, guid: 0000000000000000e000000000000000, type: 0}
  m_SubsetIndices: 
  m_StaticBatchRoot: {fileID: 0}
  m_UseLightProbes: 0
  m_ReflectionProbeUsage: 0
  m_ProbeAnchor: {fileID: 0}
  m_ScaleInLightmap: 1
  m_PreserveUVs: 0
  m_ImportantGI: 0
  m_AutoUVMaxDistance: .5
  m_AutoUVMaxAngle: 89
  m_LightmapParameters: {fileID: 0}
  m_SortingLayerID: 0
  m_SortingOrder: 0
  m_Sprite: {fileID: 21300000, guid: 25a49e4d3bf53594eaaea226c76b1690, type: 3}
  m_Color: {r: 1, g: 1, b: 1, a: 1}
--- !u!4 &1908133996
Transform:
  m_ObjectHideFlags: 0
  m_PrefabParentObject: {fileID: 0}
  m_PrefabInternal: {fileID: 0}
  m_GameObject: {fileID: 1908133994}
  m_LocalRotation: {x: 0, y: 0, z: 0, w: 1}
  m_LocalPosition: {x: .910792947, y: -1.18432224, z: 0}
  m_LocalScale: {x: .997251749, y: 1.1390481, z: .997251451}
  m_Children: []
  m_Father: {fileID: 1776232141}
  m_RootOrder: 4
--- !u!1 &1911650088
GameObject:
  m_ObjectHideFlags: 0
  m_PrefabParentObject: {fileID: 0}
  m_PrefabInternal: {fileID: 0}
  serializedVersion: 4
  m_Component:
  - 4: {fileID: 1911650090}
  - 212: {fileID: 1911650089}
  - 61: {fileID: 1911650091}
  - 111: {fileID: 1911650092}
  m_Layer: 0
  m_Name: Platform
  m_TagString: Untagged
  m_Icon: {fileID: 0}
  m_NavMeshLayer: 0
  m_StaticEditorFlags: 0
  m_IsActive: 1
--- !u!212 &1911650089
SpriteRenderer:
  m_ObjectHideFlags: 0
  m_PrefabParentObject: {fileID: 0}
  m_PrefabInternal: {fileID: 0}
  m_GameObject: {fileID: 1911650088}
  m_Enabled: 1
  m_CastShadows: 0
  m_ReceiveShadows: 0
  m_Materials:
  - {fileID: 10754, guid: 0000000000000000e000000000000000, type: 0}
  m_SubsetIndices: 
  m_StaticBatchRoot: {fileID: 0}
  m_UseLightProbes: 0
  m_ReflectionProbeUsage: 0
  m_ProbeAnchor: {fileID: 0}
  m_ScaleInLightmap: 1
  m_PreserveUVs: 0
  m_ImportantGI: 0
  m_AutoUVMaxDistance: .5
  m_AutoUVMaxAngle: 89
  m_LightmapParameters: {fileID: 0}
  m_SortingLayerID: 0
  m_SortingOrder: 10
  m_Sprite: {fileID: 21300000, guid: e027d204b8e9a5741a96431e1fc004a9, type: 3}
  m_Color: {r: 1, g: 1, b: 1, a: 1}
--- !u!4 &1911650090
Transform:
  m_ObjectHideFlags: 0
  m_PrefabParentObject: {fileID: 0}
  m_PrefabInternal: {fileID: 0}
  m_GameObject: {fileID: 1911650088}
  m_LocalRotation: {x: 0, y: 0, z: 0, w: 1}
  m_LocalPosition: {x: -4.269207, y: -2.31432223, z: 0}
  m_LocalScale: {x: 1.54936898, y: 1.54936922, z: 1.54936922}
  m_Children: []
  m_Father: {fileID: 1393094788}
  m_RootOrder: 2
--- !u!61 &1911650091
BoxCollider2D:
  m_ObjectHideFlags: 0
  m_PrefabParentObject: {fileID: 0}
  m_PrefabInternal: {fileID: 0}
  m_GameObject: {fileID: 1911650088}
  m_Enabled: 1
  m_Material: {fileID: 0}
  m_IsTrigger: 0
  m_UsedByEffector: 0
  m_Offset: {x: 0, y: 0}
  serializedVersion: 2
  m_Size: {x: 1.27999997, y: .100000001}
--- !u!111 &1911650092
Animation:
  m_ObjectHideFlags: 0
  m_PrefabParentObject: {fileID: 0}
  m_PrefabInternal: {fileID: 0}
  m_GameObject: {fileID: 1911650088}
  m_Enabled: 1
  serializedVersion: 3
  m_Animation: {fileID: 0}
  m_Animations:
  - {fileID: 7400000, guid: 5501d7d9b5308c24b9431ed0a481f40f, type: 2}
  - {fileID: 7400000, guid: ca22da977895fbe4197047ec2d358590, type: 2}
  m_WrapMode: 0
  m_PlayAutomatically: 1
  m_AnimatePhysics: 1
  m_CullingType: 0
--- !u!114 &1963839777 stripped
MonoBehaviour:
  m_PrefabParentObject: {fileID: 11400190, guid: a872744625bfab449a328d62fe1385f9,
    type: 2}
  m_PrefabInternal: {fileID: 820765180}
  m_Script: {fileID: 708705254, guid: f5f67c52d1564df4a8936ccd202a3bd8, type: 3}
--- !u!114 &1991079536 stripped
MonoBehaviour:
  m_PrefabParentObject: {fileID: 11400268, guid: a872744625bfab449a328d62fe1385f9,
    type: 2}
  m_PrefabInternal: {fileID: 820765180}
  m_Script: {fileID: 575553740, guid: f5f67c52d1564df4a8936ccd202a3bd8, type: 3}
--- !u!1 &2026309046 stripped
GameObject:
  m_PrefabParentObject: {fileID: 100116, guid: a872744625bfab449a328d62fe1385f9, type: 2}
  m_PrefabInternal: {fileID: 820765180}
--- !u!1 &2135419920
GameObject:
  m_ObjectHideFlags: 0
  m_PrefabParentObject: {fileID: 184094, guid: b34cec645a49b9b4ca25968d10a4f6ce, type: 2}
  m_PrefabInternal: {fileID: 1139328920}
  serializedVersion: 4
  m_Component:
  - 4: {fileID: 2135419921}
  - 61: {fileID: 2135419922}
  m_Layer: 0
  m_Name: GameObject
  m_TagString: Untagged
  m_Icon: {fileID: 0}
  m_NavMeshLayer: 0
  m_StaticEditorFlags: 0
  m_IsActive: 1
--- !u!4 &2135419921
Transform:
  m_ObjectHideFlags: 0
  m_PrefabParentObject: {fileID: 484094, guid: b34cec645a49b9b4ca25968d10a4f6ce, type: 2}
  m_PrefabInternal: {fileID: 1139328920}
  m_GameObject: {fileID: 2135419920}
  m_LocalRotation: {x: 0, y: 0, z: -.704967141, w: .709240019}
  m_LocalPosition: {x: -9.35508251, y: -9.11669636, z: 0}
  m_LocalScale: {x: 1, y: 1, z: 1}
  m_Children: []
  m_Father: {fileID: 1000868475}
  m_RootOrder: 1
--- !u!61 &2135419922
BoxCollider2D:
  m_ObjectHideFlags: 0
  m_PrefabParentObject: {fileID: 6184094, guid: b34cec645a49b9b4ca25968d10a4f6ce,
    type: 2}
  m_PrefabInternal: {fileID: 1139328920}
  m_GameObject: {fileID: 2135419920}
  m_Enabled: 1
  m_Material: {fileID: 0}
  m_IsTrigger: 0
  m_UsedByEffector: 0
  m_Offset: {x: 0, y: 0}
  serializedVersion: 2
  m_Size: {x: 1, y: 20}
--- !u!1001 &2135786295
Prefab:
  m_ObjectHideFlags: 0
  serializedVersion: 2
  m_Modification:
    m_TransformParent: {fileID: 0}
    m_Modifications:
    - target: {fileID: 400002, guid: bc45a844a53780242b88c0db16074f63, type: 2}
      propertyPath: m_LocalPosition.x
      value: -7.69000006
      objectReference: {fileID: 0}
    - target: {fileID: 400002, guid: bc45a844a53780242b88c0db16074f63, type: 2}
      propertyPath: m_LocalPosition.y
      value: -.717000008
      objectReference: {fileID: 0}
    - target: {fileID: 400002, guid: bc45a844a53780242b88c0db16074f63, type: 2}
      propertyPath: m_LocalPosition.z
      value: 0
      objectReference: {fileID: 0}
    - target: {fileID: 400002, guid: bc45a844a53780242b88c0db16074f63, type: 2}
      propertyPath: m_LocalRotation.x
      value: 0
      objectReference: {fileID: 0}
    - target: {fileID: 400002, guid: bc45a844a53780242b88c0db16074f63, type: 2}
      propertyPath: m_LocalRotation.y
      value: 0
      objectReference: {fileID: 0}
    - target: {fileID: 400002, guid: bc45a844a53780242b88c0db16074f63, type: 2}
      propertyPath: m_LocalRotation.z
      value: 0
      objectReference: {fileID: 0}
    - target: {fileID: 400002, guid: bc45a844a53780242b88c0db16074f63, type: 2}
      propertyPath: m_LocalRotation.w
      value: 1
      objectReference: {fileID: 0}
    - target: {fileID: 400002, guid: bc45a844a53780242b88c0db16074f63, type: 2}
      propertyPath: m_RootOrder
      value: 2
      objectReference: {fileID: 0}
    - target: {fileID: 100002, guid: bc45a844a53780242b88c0db16074f63, type: 2}
      propertyPath: m_Name
      value: Character
      objectReference: {fileID: 0}
    - target: {fileID: 11400000, guid: bc45a844a53780242b88c0db16074f63, type: 2}
      propertyPath: textInput
      value: 
      objectReference: {fileID: 1858553004}
    - target: {fileID: 11400002, guid: bc45a844a53780242b88c0db16074f63, type: 2}
      propertyPath: codeAreaInput
      value: 
      objectReference: {fileID: 1858553006}
    - target: {fileID: 11400002, guid: bc45a844a53780242b88c0db16074f63, type: 2}
      propertyPath: bubleText
      value: 
      objectReference: {fileID: 1305891590}
    - target: {fileID: 11400002, guid: bc45a844a53780242b88c0db16074f63, type: 2}
      propertyPath: Menu.Array.data[0]
      value: 
      objectReference: {fileID: 2026309046}
    - target: {fileID: 11400002, guid: bc45a844a53780242b88c0db16074f63, type: 2}
      propertyPath: Menu.Array.data[1]
      value: 
      objectReference: {fileID: 1307545423}
    - target: {fileID: 11400002, guid: bc45a844a53780242b88c0db16074f63, type: 2}
      propertyPath: Menu.Array.data[2]
      value: 
      objectReference: {fileID: 1893581976}
    - target: {fileID: 11400002, guid: bc45a844a53780242b88c0db16074f63, type: 2}
      propertyPath: Menu.Array.data[3]
      value: 
      objectReference: {fileID: 1358017006}
    - target: {fileID: 11400002, guid: bc45a844a53780242b88c0db16074f63, type: 2}
      propertyPath: Menu.Array.data[4]
      value: 
      objectReference: {fileID: 3504293}
    - target: {fileID: 11400002, guid: bc45a844a53780242b88c0db16074f63, type: 2}
      propertyPath: Menu.Array.data[5]
      value: 
      objectReference: {fileID: 492554371}
    - target: {fileID: 11400002, guid: bc45a844a53780242b88c0db16074f63, type: 2}
      propertyPath: Menu.Array.data[6]
      value: 
      objectReference: {fileID: 814336216}
    - target: {fileID: 11400002, guid: bc45a844a53780242b88c0db16074f63, type: 2}
      propertyPath: speechBuble
      value: 
      objectReference: {fileID: 721375930}
    - target: {fileID: 11400002, guid: bc45a844a53780242b88c0db16074f63, type: 2}
      propertyPath: inputField
      value: 
      objectReference: {fileID: 1200184684}
    - target: {fileID: 11400002, guid: bc45a844a53780242b88c0db16074f63, type: 2}
      propertyPath: ruler
      value: 
      objectReference: {fileID: 1219204651}
    - target: {fileID: 11400002, guid: bc45a844a53780242b88c0db16074f63, type: 2}
      propertyPath: codeArea
      value: 
      objectReference: {fileID: 1893581976}
    - target: {fileID: 11400002, guid: bc45a844a53780242b88c0db16074f63, type: 2}
      propertyPath: usedCommand
      value: 1
      objectReference: {fileID: 0}
    - target: {fileID: 11400002, guid: bc45a844a53780242b88c0db16074f63, type: 2}
      propertyPath: placeButton
      value: 
      objectReference: {fileID: 820765181}
    - target: {fileID: 9500000, guid: bc45a844a53780242b88c0db16074f63, type: 2}
      propertyPath: m_ApplyRootMotion
      value: 0
      objectReference: {fileID: 0}
    m_RemovedComponents: []
  m_ParentPrefab: {fileID: 100100000, guid: bc45a844a53780242b88c0db16074f63, type: 2}
  m_IsPrefabParent: 0
--- !u!114 &2139003441 stripped
MonoBehaviour:
  m_PrefabParentObject: {fileID: 11400280, guid: a872744625bfab449a328d62fe1385f9,
    type: 2}
  m_PrefabInternal: {fileID: 820765180}
  m_Script: {fileID: 708705254, guid: f5f67c52d1564df4a8936ccd202a3bd8, type: 3}
