%YAML 1.1
%TAG !u! tag:unity3d.com,2011:
--- !u!29 &1
SceneSettings:
  m_ObjectHideFlags: 0
  m_PVSData: 
  m_PVSObjectsArray: []
  m_PVSPortalsArray: []
  m_OcclusionBakeSettings:
    smallestOccluder: 5
    smallestHole: .25
    backfaceThreshold: 100
--- !u!104 &2
RenderSettings:
  m_ObjectHideFlags: 0
  serializedVersion: 6
  m_Fog: 0
  m_FogColor: {r: .5, g: .5, b: .5, a: 1}
  m_FogMode: 3
  m_FogDensity: .00999999978
  m_LinearFogStart: 0
  m_LinearFogEnd: 300
  m_AmbientSkyColor: {r: .200000003, g: .200000003, b: .200000003, a: 1}
  m_AmbientEquatorColor: {r: .200000003, g: .200000003, b: .200000003, a: 1}
  m_AmbientGroundColor: {r: .200000003, g: .200000003, b: .200000003, a: 1}
  m_AmbientIntensity: 1
  m_AmbientMode: 3
  m_SkyboxMaterial: {fileID: 0}
  m_HaloStrength: .5
  m_FlareStrength: 1
  m_FlareFadeSpeed: 3
  m_HaloTexture: {fileID: 0}
  m_SpotCookie: {fileID: 10001, guid: 0000000000000000e000000000000000, type: 0}
  m_DefaultReflectionMode: 0
  m_DefaultReflectionResolution: 128
  m_ReflectionBounces: 1
  m_ReflectionIntensity: 1
  m_CustomReflection: {fileID: 0}
  m_Sun: {fileID: 0}
--- !u!157 &4
LightmapSettings:
  m_ObjectHideFlags: 0
  serializedVersion: 5
  m_GIWorkflowMode: 1
  m_LightmapsMode: 1
  m_GISettings:
    serializedVersion: 2
    m_BounceScale: 1
    m_IndirectOutputScale: 1
    m_AlbedoBoost: 1
    m_TemporalCoherenceThreshold: 1
    m_EnvironmentLightingMode: 0
    m_EnableBakedLightmaps: 1
    m_EnableRealtimeLightmaps: 0
  m_LightmapEditorSettings:
    serializedVersion: 3
    m_Resolution: 1
    m_BakeResolution: 50
    m_TextureWidth: 1024
    m_TextureHeight: 1024
    m_AOMaxDistance: 1
    m_Padding: 2
    m_CompAOExponent: 0
    m_LightmapParameters: {fileID: 0}
    m_TextureCompression: 0
    m_FinalGather: 0
    m_FinalGatherRayCount: 1024
    m_ReflectionCompression: 2
  m_LightmapSnapshot: {fileID: 0}
  m_RuntimeCPUUsage: 25
--- !u!196 &5
NavMeshSettings:
  serializedVersion: 2
  m_ObjectHideFlags: 0
  m_BuildSettings:
    serializedVersion: 2
    agentRadius: .5
    agentHeight: 2
    agentSlope: 45
    agentClimb: .400000006
    ledgeDropHeight: 0
    maxJumpAcrossDistance: 0
    accuratePlacement: 0
    minRegionArea: 2
    cellSize: .166666657
    manualCellSize: 0
  m_NavMeshData: {fileID: 0}
--- !u!1 &3504293 stripped
GameObject:
  m_PrefabParentObject: {fileID: 100000, guid: a872744625bfab449a328d62fe1385f9, type: 2}
  m_PrefabInternal: {fileID: 1211367874}
--- !u!1001 &5116619
Prefab:
  m_ObjectHideFlags: 0
  serializedVersion: 2
  m_Modification:
    m_TransformParent: {fileID: 1850230171}
    m_Modifications:
    - target: {fileID: 400002, guid: 175c359ee80c586419b88bf8e65ed8ed, type: 2}
      propertyPath: m_LocalPosition.x
      value: -6.33136654
      objectReference: {fileID: 0}
    - target: {fileID: 400002, guid: 175c359ee80c586419b88bf8e65ed8ed, type: 2}
      propertyPath: m_LocalPosition.y
      value: 1.86177576
      objectReference: {fileID: 0}
    - target: {fileID: 400002, guid: 175c359ee80c586419b88bf8e65ed8ed, type: 2}
      propertyPath: m_LocalPosition.z
      value: 1.45000005
      objectReference: {fileID: 0}
    - target: {fileID: 400002, guid: 175c359ee80c586419b88bf8e65ed8ed, type: 2}
      propertyPath: m_LocalRotation.x
      value: 0
      objectReference: {fileID: 0}
    - target: {fileID: 400002, guid: 175c359ee80c586419b88bf8e65ed8ed, type: 2}
      propertyPath: m_LocalRotation.y
      value: 0
      objectReference: {fileID: 0}
    - target: {fileID: 400002, guid: 175c359ee80c586419b88bf8e65ed8ed, type: 2}
      propertyPath: m_LocalRotation.z
      value: -.704967141
      objectReference: {fileID: 0}
    - target: {fileID: 400002, guid: 175c359ee80c586419b88bf8e65ed8ed, type: 2}
      propertyPath: m_LocalRotation.w
      value: .709240019
      objectReference: {fileID: 0}
    - target: {fileID: 400002, guid: 175c359ee80c586419b88bf8e65ed8ed, type: 2}
      propertyPath: m_RootOrder
      value: 2
      objectReference: {fileID: 0}
    - target: {fileID: 5000002, guid: 175c359ee80c586419b88bf8e65ed8ed, type: 2}
      propertyPath: m_FixedAngle
      value: 0
      objectReference: {fileID: 0}
    - target: {fileID: 100002, guid: 175c359ee80c586419b88bf8e65ed8ed, type: 2}
      propertyPath: m_Name
      value: Crate
      objectReference: {fileID: 0}
    - target: {fileID: 400002, guid: 175c359ee80c586419b88bf8e65ed8ed, type: 2}
      propertyPath: m_LocalScale.x
      value: .923436344
      objectReference: {fileID: 0}
    - target: {fileID: 400002, guid: 175c359ee80c586419b88bf8e65ed8ed, type: 2}
      propertyPath: m_LocalScale.y
      value: .923436344
      objectReference: {fileID: 0}
    m_RemovedComponents: []
  m_ParentPrefab: {fileID: 100100000, guid: 175c359ee80c586419b88bf8e65ed8ed, type: 2}
  m_IsPrefabParent: 0
--- !u!114 &5650963 stripped
MonoBehaviour:
  m_PrefabParentObject: {fileID: 11400008, guid: a872744625bfab449a328d62fe1385f9,
    type: 2}
  m_PrefabInternal: {fileID: 1211367874}
  m_Script: {fileID: 708705254, guid: f5f67c52d1564df4a8936ccd202a3bd8, type: 3}
--- !u!1001 &207898524
Prefab:
  m_ObjectHideFlags: 0
  serializedVersion: 2
  m_Modification:
    m_TransformParent: {fileID: 0}
    m_Modifications:
    - target: {fileID: 400000, guid: d84d1370367354a45b2feb483814a949, type: 2}
      propertyPath: m_LocalPosition.x
      value: 1.23063314
      objectReference: {fileID: 0}
    - target: {fileID: 400000, guid: d84d1370367354a45b2feb483814a949, type: 2}
      propertyPath: m_LocalPosition.y
      value: -1.45075822
      objectReference: {fileID: 0}
    - target: {fileID: 400000, guid: d84d1370367354a45b2feb483814a949, type: 2}
      propertyPath: m_LocalPosition.z
      value: 0
      objectReference: {fileID: 0}
    - target: {fileID: 400000, guid: d84d1370367354a45b2feb483814a949, type: 2}
      propertyPath: m_LocalRotation.x
      value: 0
      objectReference: {fileID: 0}
    - target: {fileID: 400000, guid: d84d1370367354a45b2feb483814a949, type: 2}
      propertyPath: m_LocalRotation.y
      value: 0
      objectReference: {fileID: 0}
    - target: {fileID: 400000, guid: d84d1370367354a45b2feb483814a949, type: 2}
      propertyPath: m_LocalRotation.z
      value: 0
      objectReference: {fileID: 0}
    - target: {fileID: 400000, guid: d84d1370367354a45b2feb483814a949, type: 2}
      propertyPath: m_LocalRotation.w
      value: 1
      objectReference: {fileID: 0}
    - target: {fileID: 400000, guid: d84d1370367354a45b2feb483814a949, type: 2}
      propertyPath: m_RootOrder
      value: 14
      objectReference: {fileID: 0}
    - target: {fileID: 100000, guid: d84d1370367354a45b2feb483814a949, type: 2}
      propertyPath: m_Name
      value: LevelManager
      objectReference: {fileID: 0}
    - target: {fileID: 11400000, guid: d84d1370367354a45b2feb483814a949, type: 2}
      propertyPath: scoreScreen
      value: 
      objectReference: {fileID: 1138133441}
    - target: {fileID: 11400000, guid: d84d1370367354a45b2feb483814a949, type: 2}
      propertyPath: scoreObject
      value: 
      objectReference: {fileID: 1698543531}
    - target: {fileID: 11400000, guid: d84d1370367354a45b2feb483814a949, type: 2}
      propertyPath: star1
      value: 
      objectReference: {fileID: 1272905453}
    - target: {fileID: 11400000, guid: d84d1370367354a45b2feb483814a949, type: 2}
      propertyPath: star2
      value: 
      objectReference: {fileID: 748200070}
    - target: {fileID: 11400000, guid: d84d1370367354a45b2feb483814a949, type: 2}
      propertyPath: star3
      value: 
      objectReference: {fileID: 573303680}
    - target: {fileID: 11400000, guid: d84d1370367354a45b2feb483814a949, type: 2}
      propertyPath: stars3
      value: 9000
      objectReference: {fileID: 0}
    - target: {fileID: 11400000, guid: d84d1370367354a45b2feb483814a949, type: 2}
      propertyPath: stars2
      value: 8500
      objectReference: {fileID: 0}
    - target: {fileID: 11400000, guid: d84d1370367354a45b2feb483814a949, type: 2}
      propertyPath: stars1
      value: 8000
      objectReference: {fileID: 0}
    - target: {fileID: 11400000, guid: d84d1370367354a45b2feb483814a949, type: 2}
      propertyPath: levelNumber
      value: 4
      objectReference: {fileID: 0}
    - target: {fileID: 11400000, guid: d84d1370367354a45b2feb483814a949, type: 2}
      propertyPath: depleteScoreText
      value: 
      objectReference: {fileID: 1596724217}
    m_RemovedComponents: []
  m_ParentPrefab: {fileID: 100100000, guid: d84d1370367354a45b2feb483814a949, type: 2}
  m_IsPrefabParent: 0
--- !u!1001 &275790463
Prefab:
  m_ObjectHideFlags: 0
  serializedVersion: 2
  m_Modification:
    m_TransformParent: {fileID: 1417121398}
    m_Modifications:
    - target: {fileID: 400000, guid: 058410824d93fcf4284f2acf17045d89, type: 2}
      propertyPath: m_LocalPosition.x
      value: -.0500000007
      objectReference: {fileID: 0}
    - target: {fileID: 400000, guid: 058410824d93fcf4284f2acf17045d89, type: 2}
      propertyPath: m_LocalPosition.y
      value: .49000001
      objectReference: {fileID: 0}
    - target: {fileID: 400000, guid: 058410824d93fcf4284f2acf17045d89, type: 2}
      propertyPath: m_LocalPosition.z
      value: .00999999978
      objectReference: {fileID: 0}
    - target: {fileID: 400000, guid: 058410824d93fcf4284f2acf17045d89, type: 2}
      propertyPath: m_LocalRotation.x
      value: 0
      objectReference: {fileID: 0}
    - target: {fileID: 400000, guid: 058410824d93fcf4284f2acf17045d89, type: 2}
      propertyPath: m_LocalRotation.y
      value: 0
      objectReference: {fileID: 0}
    - target: {fileID: 400000, guid: 058410824d93fcf4284f2acf17045d89, type: 2}
      propertyPath: m_LocalRotation.z
      value: 0
      objectReference: {fileID: 0}
    - target: {fileID: 400000, guid: 058410824d93fcf4284f2acf17045d89, type: 2}
      propertyPath: m_LocalRotation.w
      value: 1
      objectReference: {fileID: 0}
    - target: {fileID: 400000, guid: 058410824d93fcf4284f2acf17045d89, type: 2}
      propertyPath: m_RootOrder
      value: 0
      objectReference: {fileID: 0}
    - target: {fileID: 400000, guid: 058410824d93fcf4284f2acf17045d89, type: 2}
      propertyPath: m_LocalScale.x
      value: .578136444
      objectReference: {fileID: 0}
    - target: {fileID: 400000, guid: 058410824d93fcf4284f2acf17045d89, type: 2}
      propertyPath: m_LocalScale.y
      value: .578136325
      objectReference: {fileID: 0}
    - target: {fileID: 400000, guid: 058410824d93fcf4284f2acf17045d89, type: 2}
      propertyPath: m_LocalScale.z
      value: .578136325
      objectReference: {fileID: 0}
    m_RemovedComponents: []
  m_ParentPrefab: {fileID: 100100000, guid: 058410824d93fcf4284f2acf17045d89, type: 2}
  m_IsPrefabParent: 0
--- !u!1 &345018498
GameObject:
  m_ObjectHideFlags: 0
  m_PrefabParentObject: {fileID: 184092, guid: b34cec645a49b9b4ca25968d10a4f6ce, type: 2}
  m_PrefabInternal: {fileID: 1085117860}
  serializedVersion: 4
  m_Component:
  - 4: {fileID: 345018500}
  - 61: {fileID: 345018499}
  m_Layer: 0
  m_Name: Collider
  m_TagString: Untagged
  m_Icon: {fileID: 0}
  m_NavMeshLayer: 0
  m_StaticEditorFlags: 0
  m_IsActive: 1
--- !u!61 &345018499
BoxCollider2D:
  m_ObjectHideFlags: 0
  m_PrefabParentObject: {fileID: 6184092, guid: b34cec645a49b9b4ca25968d10a4f6ce,
    type: 2}
  m_PrefabInternal: {fileID: 1085117860}
  m_GameObject: {fileID: 345018498}
  m_Enabled: 1
  m_Material: {fileID: 0}
  m_IsTrigger: 0
  m_UsedByEffector: 0
  m_Offset: {x: 0, y: 0}
  serializedVersion: 2
  m_Size: {x: 1, y: 20}
--- !u!4 &345018500
Transform:
  m_ObjectHideFlags: 0
  m_PrefabParentObject: {fileID: 484092, guid: b34cec645a49b9b4ca25968d10a4f6ce, type: 2}
  m_PrefabInternal: {fileID: 1085117860}
  m_GameObject: {fileID: 345018498}
  m_LocalRotation: {x: 0, y: 0, z: -.704967141, w: .709240019}
  m_LocalPosition: {x: -9.46910763, y: 9.75296021, z: 0}
  m_LocalScale: {x: 1, y: 1, z: 1}
  m_Children: []
  m_Father: {fileID: 1120498942}
  m_RootOrder: 0
--- !u!1 &492554371 stripped
GameObject:
  m_PrefabParentObject: {fileID: 100032, guid: a872744625bfab449a328d62fe1385f9, type: 2}
  m_PrefabInternal: {fileID: 1211367874}
--- !u!1001 &500733869
Prefab:
  m_ObjectHideFlags: 0
  serializedVersion: 2
  m_Modification:
    m_TransformParent: {fileID: 1850230171}
    m_Modifications:
    - target: {fileID: 400002, guid: 175c359ee80c586419b88bf8e65ed8ed, type: 2}
      propertyPath: m_LocalPosition.x
      value: -6.33885908
      objectReference: {fileID: 0}
    - target: {fileID: 400002, guid: 175c359ee80c586419b88bf8e65ed8ed, type: 2}
      propertyPath: m_LocalPosition.y
      value: 3.10175323
      objectReference: {fileID: 0}
    - target: {fileID: 400002, guid: 175c359ee80c586419b88bf8e65ed8ed, type: 2}
      propertyPath: m_LocalPosition.z
      value: 1.45000005
      objectReference: {fileID: 0}
    - target: {fileID: 400002, guid: 175c359ee80c586419b88bf8e65ed8ed, type: 2}
      propertyPath: m_LocalRotation.x
      value: 0
      objectReference: {fileID: 0}
    - target: {fileID: 400002, guid: 175c359ee80c586419b88bf8e65ed8ed, type: 2}
      propertyPath: m_LocalRotation.y
      value: 0
      objectReference: {fileID: 0}
    - target: {fileID: 400002, guid: 175c359ee80c586419b88bf8e65ed8ed, type: 2}
      propertyPath: m_LocalRotation.z
      value: -.704967141
      objectReference: {fileID: 0}
    - target: {fileID: 400002, guid: 175c359ee80c586419b88bf8e65ed8ed, type: 2}
      propertyPath: m_LocalRotation.w
      value: .709240019
      objectReference: {fileID: 0}
    - target: {fileID: 400002, guid: 175c359ee80c586419b88bf8e65ed8ed, type: 2}
      propertyPath: m_RootOrder
      value: 1
      objectReference: {fileID: 0}
    - target: {fileID: 5000002, guid: 175c359ee80c586419b88bf8e65ed8ed, type: 2}
      propertyPath: m_FixedAngle
      value: 0
      objectReference: {fileID: 0}
    - target: {fileID: 100002, guid: 175c359ee80c586419b88bf8e65ed8ed, type: 2}
      propertyPath: m_Name
      value: Crate
      objectReference: {fileID: 0}
    - target: {fileID: 400002, guid: 175c359ee80c586419b88bf8e65ed8ed, type: 2}
      propertyPath: m_LocalScale.x
      value: .923436344
      objectReference: {fileID: 0}
    - target: {fileID: 400002, guid: 175c359ee80c586419b88bf8e65ed8ed, type: 2}
      propertyPath: m_LocalScale.y
      value: .923436344
      objectReference: {fileID: 0}
    m_RemovedComponents: []
  m_ParentPrefab: {fileID: 100100000, guid: 175c359ee80c586419b88bf8e65ed8ed, type: 2}
  m_IsPrefabParent: 0
--- !u!114 &504634210 stripped
MonoBehaviour:
  m_PrefabParentObject: {fileID: 11400068, guid: a872744625bfab449a328d62fe1385f9,
    type: 2}
  m_PrefabInternal: {fileID: 1211367874}
  m_Script: {fileID: 708705254, guid: f5f67c52d1564df4a8936ccd202a3bd8, type: 3}
--- !u!1 &550622322
GameObject:
  m_ObjectHideFlags: 0
  m_PrefabParentObject: {fileID: 0}
  m_PrefabInternal: {fileID: 0}
  serializedVersion: 4
  m_Component:
  - 4: {fileID: 550622326}
  - 212: {fileID: 550622325}
  - 61: {fileID: 550622324}
  - 60: {fileID: 550622323}
  m_Layer: 0
  m_Name: Level_04
  m_TagString: Untagged
  m_Icon: {fileID: 0}
  m_NavMeshLayer: 0
  m_StaticEditorFlags: 0
  m_IsActive: 1
--- !u!60 &550622323
PolygonCollider2D:
  m_ObjectHideFlags: 0
  m_PrefabParentObject: {fileID: 0}
  m_PrefabInternal: {fileID: 0}
  m_GameObject: {fileID: 550622322}
  m_Enabled: 1
  m_Material: {fileID: 0}
  m_IsTrigger: 0
  m_UsedByEffector: 0
  m_Offset: {x: 0, y: 0}
  m_Points:
    m_Paths:
    - - {x: 1.98000002, y: -1.91999996}
      - {x: 2.02189541, y: -2.00162077}
      - {x: 2.03252721, y: -2.10261035}
      - {x: 2.03928518, y: -2.33423138}
      - {x: 2.04928517, y: -2.54972577}
      - {x: 2.05576897, y: -2.71585178}
      - {x: 2.03414798, y: -2.82296729}
      - {x: 2.04640079, y: -2.89522028}
      - {x: 2.0318954, y: -2.9752202}
      - {x: 2.04477978, y: -3.11296749}
      - {x: 2.02865338, y: -3.31197858}
      - {x: 2.04027438, y: -3.49261022}
      - {x: 2.04928493, y: -3.71035743}
      - {x: 2.06153774, y: -3.86648393}
      - {x: 2.07738996, y: -4.12098932}
      - {x: 2.05477977, y: -4.19486284}
      - {x: 2.11379051, y: -4.38387394}
      - {x: 1.9990108, y: -4.50288439}
      - {x: .534231007, y: -4.50739002}
      - {x: .546483755, y: -4.24774742}
      - {x: .569999993, y: -4.21000004}
      - {x: .53098911, y: -4.05387354}
      - {x: .529999971, y: -4.01000023}
      - {x: .515852034, y: -3.91324162}
      - {x: .511978388, y: -3.76225281}
      - {x: .498104632, y: -3.66324162}
      - {x: .484231055, y: -3.38620925}
      - {x: .508736432, y: -3.06494594}
      - {x: .514231026, y: -2.92494583}
      - {x: .519725621, y: -2.72296739}
      - {x: .498462111, y: -2.63071489}
      - {x: .509093761, y: -2.51071501}
      - {x: .505851984, y: -2.42684102}
      - {x: .50972563, y: -2.35972548}
      - {x: .512610078, y: -2.24936867}
      - {x: .550000012, y: -2.11999989}
      - {x: .600000024, y: -2.05999994}
      - {x: .589999974, y: -1.92999995}
      - {x: .550000012, y: -1.89999998}
      - {x: -5.67000008, y: -1.89999998}
      - {x: -5.67331982, y: -1.91466427}
      - {x: -5.6859684, y: -1.97731233}
      - {x: -5.64727306, y: -2.22928834}
      - {x: -5.67260885, y: -2.57996082}
      - {x: -5.61861658, y: -2.69727278}
      - {x: -5.60059309, y: -2.8579452}
      - {x: -5.62727261, y: -2.97126532}
      - {x: -5.60458517, y: -3.11059332}
      - {x: -5.58790541, y: -3.29260945}
      - {x: -5.6059289, y: -3.46928883}
      - {x: -5.59256935, y: -3.73664045}
      - {x: -5.60857725, y: -3.90798426}
      - {x: -5.60395193, y: -4.0626483}
      - {x: -5.61529636, y: -4.1786561}
      - {x: -5.65395212, y: -4.26067162}
      - {x: -5.69664001, y: -4.40067244}
      - {x: -5.73000002, y: -4.46000004}
      - {x: -7.05999994, y: -4.44000006}
      - {x: -7.1713829, y: -4.35604763}
      - {x: -7.22205448, y: -4.26869535}
      - {x: -7.21739054, y: -4.16138315}
      - {x: -7.24003887, y: -4.10071135}
      - {x: -7.20205545, y: -3.95731235}
      - {x: -7.16873503, y: -3.88201594}
      - {x: -7.17403126, y: -3.76743031}
      - {x: -7.19470263, y: -3.52343845}
      - {x: -7.21739101, y: -3.28735209}
      - {x: -7.22007895, y: -3.09739113}
      - {x: -7.17205524, y: -2.87466383}
      - {x: -7.21742916, y: -2.822016}
      - {x: -7.1427269, y: -2.70865607}
      - {x: -7.15205526, y: -2.63731241}
      - {x: -7.19407082, y: -2.57996082}
      - {x: -7.16671896, y: -2.43264818}
      - {x: -7.13735151, y: -2.26399231}
      - {x: -7.13000011, y: -2.11999989}
      - {x: -7.07999992, y: -2.05999994}
      - {x: -7.09000015, y: -1.92999995}
      - {x: -7.13000011, y: -1.89999998}
      - {x: -9.60000038, y: -1.89999998}
      - {x: -9.60000038, y: -5.76000023}
      - {x: 9.60000038, y: -5.76000023}
      - {x: 9.60000038, y: -1.89999998}
      - {x: 2.00999999, y: -1.89999998}
--- !u!61 &550622324
BoxCollider2D:
  m_ObjectHideFlags: 0
  m_PrefabParentObject: {fileID: 0}
  m_PrefabInternal: {fileID: 0}
  m_GameObject: {fileID: 550622322}
  m_Enabled: 0
  m_Material: {fileID: 0}
  m_IsTrigger: 0
  m_UsedByEffector: 0
  m_Offset: {x: 0, y: -3.87215447}
  serializedVersion: 2
  m_Size: {x: 19.199995, y: 3.77569818}
--- !u!212 &550622325
SpriteRenderer:
  m_ObjectHideFlags: 0
  m_PrefabParentObject: {fileID: 0}
  m_PrefabInternal: {fileID: 0}
  m_GameObject: {fileID: 550622322}
  m_Enabled: 1
  m_CastShadows: 0
  m_ReceiveShadows: 0
  m_Materials:
  - {fileID: 10754, guid: 0000000000000000e000000000000000, type: 0}
  m_SubsetIndices: 
  m_StaticBatchRoot: {fileID: 0}
  m_UseLightProbes: 0
  m_ReflectionProbeUsage: 0
  m_ProbeAnchor: {fileID: 0}
  m_ScaleInLightmap: 1
  m_PreserveUVs: 0
  m_ImportantGI: 0
  m_AutoUVMaxDistance: .5
  m_AutoUVMaxAngle: 89
  m_LightmapParameters: {fileID: 0}
  m_SortingLayerID: 0
  m_SortingOrder: 3
  m_Sprite: {fileID: 21300000, guid: 6bda0301835f8e944a2c1382d3faf6da, type: 3}
  m_Color: {r: 1, g: 1, b: 1, a: 1}
--- !u!4 &550622326
Transform:
  m_ObjectHideFlags: 0
  m_PrefabParentObject: {fileID: 0}
  m_PrefabInternal: {fileID: 0}
  m_GameObject: {fileID: 550622322}
  m_LocalRotation: {x: 0, y: 0, z: -.704967141, w: .709240019}
  m_LocalPosition: {x: -9.35285187, y: .443492055, z: 1.45000005}
  m_LocalScale: {x: .956340611, y: .956340551, z: .956340671}
  m_Children: []
  m_Father: {fileID: 876241339}
  m_RootOrder: 1
--- !u!1 &573303680 stripped
GameObject:
  m_PrefabParentObject: {fileID: 100232, guid: a872744625bfab449a328d62fe1385f9, type: 2}
  m_PrefabInternal: {fileID: 1211367874}
--- !u!4 &645021471 stripped
Transform:
  m_PrefabParentObject: {fileID: 480538, guid: c0341a1b74739de4c87839e02f5123df, type: 2}
  m_PrefabInternal: {fileID: 1364961926}
--- !u!1001 &695341827
Prefab:
  m_ObjectHideFlags: 0
  serializedVersion: 2
  m_Modification:
    m_TransformParent: {fileID: 0}
    m_Modifications:
    - target: {fileID: 400000, guid: d8c820201e8b25448bd0159a6a9b4363, type: 2}
      propertyPath: m_LocalPosition.x
      value: 0
      objectReference: {fileID: 0}
    - target: {fileID: 400000, guid: d8c820201e8b25448bd0159a6a9b4363, type: 2}
      propertyPath: m_LocalPosition.y
      value: 0
      objectReference: {fileID: 0}
    - target: {fileID: 400000, guid: d8c820201e8b25448bd0159a6a9b4363, type: 2}
      propertyPath: m_LocalPosition.z
      value: -10
      objectReference: {fileID: 0}
    - target: {fileID: 400000, guid: d8c820201e8b25448bd0159a6a9b4363, type: 2}
      propertyPath: m_LocalRotation.x
      value: 0
      objectReference: {fileID: 0}
    - target: {fileID: 400000, guid: d8c820201e8b25448bd0159a6a9b4363, type: 2}
      propertyPath: m_LocalRotation.y
      value: 0
      objectReference: {fileID: 0}
    - target: {fileID: 400000, guid: d8c820201e8b25448bd0159a6a9b4363, type: 2}
      propertyPath: m_LocalRotation.z
      value: 0
      objectReference: {fileID: 0}
    - target: {fileID: 400000, guid: d8c820201e8b25448bd0159a6a9b4363, type: 2}
      propertyPath: m_LocalRotation.w
      value: 1
      objectReference: {fileID: 0}
    - target: {fileID: 400000, guid: d8c820201e8b25448bd0159a6a9b4363, type: 2}
      propertyPath: m_RootOrder
      value: 2
      objectReference: {fileID: 0}
    - target: {fileID: 2000000, guid: d8c820201e8b25448bd0159a6a9b4363, type: 2}
      propertyPath: orthographic
      value: 1
      objectReference: {fileID: 0}
    m_RemovedComponents: []
  m_ParentPrefab: {fileID: 100100000, guid: d8c820201e8b25448bd0159a6a9b4363, type: 2}
  m_IsPrefabParent: 0
--- !u!1 &721375930 stripped
GameObject:
  m_PrefabParentObject: {fileID: 100132, guid: a872744625bfab449a328d62fe1385f9, type: 2}
  m_PrefabInternal: {fileID: 1211367874}
--- !u!1 &734032629
GameObject:
  m_ObjectHideFlags: 0
  m_PrefabParentObject: {fileID: 0}
  m_PrefabInternal: {fileID: 0}
  serializedVersion: 4
  m_Component:
  - 4: {fileID: 734032633}
  - 114: {fileID: 734032632}
  - 114: {fileID: 734032631}
  - 114: {fileID: 734032630}
  m_Layer: 0
  m_Name: EventSystem
  m_TagString: Untagged
  m_Icon: {fileID: 0}
  m_NavMeshLayer: 0
  m_StaticEditorFlags: 0
  m_IsActive: 1
--- !u!114 &734032630
MonoBehaviour:
  m_ObjectHideFlags: 0
  m_PrefabParentObject: {fileID: 0}
  m_PrefabInternal: {fileID: 0}
  m_GameObject: {fileID: 734032629}
  m_Enabled: 0
  m_EditorHideFlags: 0
  m_Script: {fileID: 1997211142, guid: f5f67c52d1564df4a8936ccd202a3bd8, type: 3}
  m_Name: 
  m_EditorClassIdentifier: 
  m_ForceModuleActive: 0
--- !u!114 &734032631
MonoBehaviour:
  m_ObjectHideFlags: 0
  m_PrefabParentObject: {fileID: 0}
  m_PrefabInternal: {fileID: 0}
  m_GameObject: {fileID: 734032629}
  m_Enabled: 1
  m_EditorHideFlags: 0
  m_Script: {fileID: 1077351063, guid: f5f67c52d1564df4a8936ccd202a3bd8, type: 3}
  m_Name: 
  m_EditorClassIdentifier: 
  m_HorizontalAxis: Horizontal
  m_VerticalAxis: Vertical
  m_SubmitButton: Submit
  m_CancelButton: Cancel
  m_InputActionsPerSecond: 10
  m_RepeatDelay: .5
  m_ForceModuleActive: 1
--- !u!114 &734032632
MonoBehaviour:
  m_ObjectHideFlags: 0
  m_PrefabParentObject: {fileID: 0}
  m_PrefabInternal: {fileID: 0}
  m_GameObject: {fileID: 734032629}
  m_Enabled: 1
  m_EditorHideFlags: 0
  m_Script: {fileID: -619905303, guid: f5f67c52d1564df4a8936ccd202a3bd8, type: 3}
  m_Name: 
  m_EditorClassIdentifier: 
  m_FirstSelected: {fileID: 0}
  m_sendNavigationEvents: 1
  m_DragThreshold: 5
--- !u!4 &734032633
Transform:
  m_ObjectHideFlags: 0
  m_PrefabParentObject: {fileID: 0}
  m_PrefabInternal: {fileID: 0}
  m_GameObject: {fileID: 734032629}
  m_LocalRotation: {x: 0, y: 0, z: 0, w: 1}
  m_LocalPosition: {x: 0, y: 0, z: 0}
  m_LocalScale: {x: 1, y: 1, z: 1}
  m_Children: []
  m_Father: {fileID: 0}
  m_RootOrder: 1
--- !u!1 &748200070 stripped
GameObject:
  m_PrefabParentObject: {fileID: 100238, guid: a872744625bfab449a328d62fe1385f9, type: 2}
  m_PrefabInternal: {fileID: 1211367874}
--- !u!1 &814336216 stripped
GameObject:
  m_PrefabParentObject: {fileID: 100048, guid: a872744625bfab449a328d62fe1385f9, type: 2}
  m_PrefabInternal: {fileID: 1211367874}
--- !u!1 &876241338
GameObject:
  m_ObjectHideFlags: 0
  m_PrefabParentObject: {fileID: 0}
  m_PrefabInternal: {fileID: 0}
  serializedVersion: 4
  m_Component:
  - 4: {fileID: 876241339}
  m_Layer: 0
  m_Name: Static
  m_TagString: Untagged
  m_Icon: {fileID: 0}
  m_NavMeshLayer: 0
  m_StaticEditorFlags: 0
  m_IsActive: 1
--- !u!4 &876241339
Transform:
  m_ObjectHideFlags: 0
  m_PrefabParentObject: {fileID: 0}
  m_PrefabInternal: {fileID: 0}
  m_GameObject: {fileID: 876241338}
  m_LocalRotation: {x: 0, y: 0, z: .704967141, w: .709240019}
  m_LocalPosition: {x: .379999995, y: 8.97000027, z: -1.45000005}
  m_LocalScale: {x: 1, y: 1, z: 1}
  m_Children:
  - {fileID: 1417121398}
  - {fileID: 550622326}
  - {fileID: 1908133996}
  - {fileID: 1120498942}
  m_Father: {fileID: 0}
  m_RootOrder: 4
--- !u!20 &899539129 stripped
Camera:
  m_PrefabParentObject: {fileID: 2000000, guid: d8c820201e8b25448bd0159a6a9b4363,
    type: 2}
  m_PrefabInternal: {fileID: 695341827}
--- !u!1 &955697173
GameObject:
  m_ObjectHideFlags: 0
  m_PrefabParentObject: {fileID: 0}
  m_PrefabInternal: {fileID: 0}
  serializedVersion: 4
  m_Component:
  - 4: {fileID: 955697174}
  - 114: {fileID: 955697175}
  - 114: {fileID: 955697176}
  m_Layer: 0
  m_Name: Master
  m_TagString: Untagged
  m_Icon: {fileID: 0}
  m_NavMeshLayer: 0
  m_StaticEditorFlags: 0
  m_IsActive: 1
--- !u!4 &955697174
Transform:
  m_ObjectHideFlags: 0
  m_PrefabParentObject: {fileID: 0}
  m_PrefabInternal: {fileID: 0}
  m_GameObject: {fileID: 955697173}
  m_LocalRotation: {x: 0, y: 0, z: 0, w: 1}
  m_LocalPosition: {x: 0, y: 0, z: 0}
  m_LocalScale: {x: 1, y: 1, z: 1}
  m_Children: []
  m_Father: {fileID: 0}
  m_RootOrder: 3
--- !u!114 &955697175
MonoBehaviour:
  m_ObjectHideFlags: 0
  m_PrefabParentObject: {fileID: 0}
  m_PrefabInternal: {fileID: 0}
  m_GameObject: {fileID: 955697173}
  m_Enabled: 1
  m_EditorHideFlags: 0
  m_Script: {fileID: 11500000, guid: 7d28b11efaf000945b550a313d07f438, type: 3}
  m_Name: 
  m_EditorClassIdentifier: 
  xTrans: {fileID: 2139003441}
  yTrans: {fileID: 1376154997}
  transTime: {fileID: 504634210}
  rotDegree: {fileID: 1963839777}
  rotTime: {fileID: 5650963}
  gravityAmount: {fileID: 1991079536}
  codeAreaText: {fileID: 1858553006}
  levelmaster: {fileID: 0}
--- !u!114 &955697176
MonoBehaviour:
  m_ObjectHideFlags: 0
  m_PrefabParentObject: {fileID: 0}
  m_PrefabInternal: {fileID: 0}
  m_GameObject: {fileID: 955697173}
  m_Enabled: 0
  m_EditorHideFlags: 0
  m_Script: {fileID: 11500000, guid: 707d3914fb8cca44f9728197848b78ef, type: 3}
  m_Name: 
  m_EditorClassIdentifier: 
--- !u!1001 &1085117860
Prefab:
  m_ObjectHideFlags: 0
  serializedVersion: 2
  m_Modification:
    m_TransformParent: {fileID: 876241339}
    m_Modifications:
    - target: {fileID: 484096, guid: b34cec645a49b9b4ca25968d10a4f6ce, type: 2}
      propertyPath: m_LocalPosition.x
      value: 0
      objectReference: {fileID: 0}
    - target: {fileID: 484096, guid: b34cec645a49b9b4ca25968d10a4f6ce, type: 2}
      propertyPath: m_LocalPosition.y
      value: 0
      objectReference: {fileID: 0}
    - target: {fileID: 484096, guid: b34cec645a49b9b4ca25968d10a4f6ce, type: 2}
      propertyPath: m_LocalPosition.z
      value: 0
      objectReference: {fileID: 0}
    - target: {fileID: 484096, guid: b34cec645a49b9b4ca25968d10a4f6ce, type: 2}
      propertyPath: m_LocalRotation.x
      value: 0
      objectReference: {fileID: 0}
    - target: {fileID: 484096, guid: b34cec645a49b9b4ca25968d10a4f6ce, type: 2}
      propertyPath: m_LocalRotation.y
      value: 0
      objectReference: {fileID: 0}
    - target: {fileID: 484096, guid: b34cec645a49b9b4ca25968d10a4f6ce, type: 2}
      propertyPath: m_LocalRotation.z
      value: 0
      objectReference: {fileID: 0}
    - target: {fileID: 484096, guid: b34cec645a49b9b4ca25968d10a4f6ce, type: 2}
      propertyPath: m_LocalRotation.w
      value: 1
      objectReference: {fileID: 0}
    - target: {fileID: 484096, guid: b34cec645a49b9b4ca25968d10a4f6ce, type: 2}
      propertyPath: m_RootOrder
      value: 3
      objectReference: {fileID: 0}
    - target: {fileID: 184096, guid: b34cec645a49b9b4ca25968d10a4f6ce, type: 2}
      propertyPath: m_Name
      value: Edge
      objectReference: {fileID: 0}
    - target: {fileID: 184092, guid: b34cec645a49b9b4ca25968d10a4f6ce, type: 2}
      propertyPath: m_Name
      value: Collider
      objectReference: {fileID: 0}
    - target: {fileID: 184094, guid: b34cec645a49b9b4ca25968d10a4f6ce, type: 2}
      propertyPath: m_Name
      value: Collider
      objectReference: {fileID: 0}
    m_RemovedComponents: []
  m_ParentPrefab: {fileID: 100100000, guid: b34cec645a49b9b4ca25968d10a4f6ce, type: 2}
  m_IsPrefabParent: 0
--- !u!1 &1109309116
GameObject:
  m_ObjectHideFlags: 0
  m_PrefabParentObject: {fileID: 184094, guid: b34cec645a49b9b4ca25968d10a4f6ce, type: 2}
  m_PrefabInternal: {fileID: 1085117860}
  serializedVersion: 4
  m_Component:
  - 4: {fileID: 1109309117}
  - 61: {fileID: 1109309118}
  m_Layer: 0
  m_Name: Collider
  m_TagString: Untagged
  m_Icon: {fileID: 0}
  m_NavMeshLayer: 0
  m_StaticEditorFlags: 0
  m_IsActive: 1
--- !u!4 &1109309117
Transform:
  m_ObjectHideFlags: 0
  m_PrefabParentObject: {fileID: 484094, guid: b34cec645a49b9b4ca25968d10a4f6ce, type: 2}
  m_PrefabInternal: {fileID: 1085117860}
  m_GameObject: {fileID: 1109309116}
  m_LocalRotation: {x: 0, y: 0, z: -.704967141, w: .709240019}
  m_LocalPosition: {x: -9.35508251, y: -9.11669636, z: 0}
  m_LocalScale: {x: 1, y: 1, z: 1}
  m_Children: []
  m_Father: {fileID: 1120498942}
  m_RootOrder: 1
--- !u!61 &1109309118
BoxCollider2D:
  m_ObjectHideFlags: 0
  m_PrefabParentObject: {fileID: 6184094, guid: b34cec645a49b9b4ca25968d10a4f6ce,
    type: 2}
  m_PrefabInternal: {fileID: 1085117860}
  m_GameObject: {fileID: 1109309116}
  m_Enabled: 1
  m_Material: {fileID: 0}
  m_IsTrigger: 0
  m_UsedByEffector: 0
  m_Offset: {x: 0, y: 0}
  serializedVersion: 2
  m_Size: {x: 1, y: 20}
--- !u!1 &1120498941
GameObject:
  m_ObjectHideFlags: 0
  m_PrefabParentObject: {fileID: 184096, guid: b34cec645a49b9b4ca25968d10a4f6ce, type: 2}
  m_PrefabInternal: {fileID: 1085117860}
  serializedVersion: 4
  m_Component:
  - 4: {fileID: 1120498942}
  - 61: {fileID: 1120498943}
  m_Layer: 0
  m_Name: Edge
  m_TagString: Untagged
  m_Icon: {fileID: 0}
  m_NavMeshLayer: 0
  m_StaticEditorFlags: 0
  m_IsActive: 1
--- !u!4 &1120498942
Transform:
  m_ObjectHideFlags: 0
  m_PrefabParentObject: {fileID: 484096, guid: b34cec645a49b9b4ca25968d10a4f6ce, type: 2}
  m_PrefabInternal: {fileID: 1085117860}
  m_GameObject: {fileID: 1120498941}
  m_LocalRotation: {x: 0, y: 0, z: 0, w: 1}
  m_LocalPosition: {x: 0, y: 0, z: 0}
  m_LocalScale: {x: 1, y: 1, z: 1}
  m_Children:
  - {fileID: 345018500}
  - {fileID: 1109309117}
  m_Father: {fileID: 876241339}
  m_RootOrder: 3
--- !u!61 &1120498943
BoxCollider2D:
  m_ObjectHideFlags: 0
  m_PrefabParentObject: {fileID: 6184096, guid: b34cec645a49b9b4ca25968d10a4f6ce,
    type: 2}
  m_PrefabInternal: {fileID: 1085117860}
  m_GameObject: {fileID: 1120498941}
  m_Enabled: 1
  m_Material: {fileID: 0}
  m_IsTrigger: 0
  m_UsedByEffector: 0
  m_Offset: {x: 0, y: 0}
  serializedVersion: 2
  m_Size: {x: 1, y: 20}
--- !u!1 &1138133441 stripped
GameObject:
  m_PrefabParentObject: {fileID: 100244, guid: a872744625bfab449a328d62fe1385f9, type: 2}
  m_PrefabInternal: {fileID: 1211367874}
--- !u!1 &1200184684 stripped
GameObject:
  m_PrefabParentObject: {fileID: 100060, guid: a872744625bfab449a328d62fe1385f9, type: 2}
  m_PrefabInternal: {fileID: 1211367874}
--- !u!1 &1209462676
GameObject:
  m_ObjectHideFlags: 0
  m_PrefabParentObject: {fileID: 100002, guid: bc45a844a53780242b88c0db16074f63, type: 2}
  m_PrefabInternal: {fileID: 2135786295}
  serializedVersion: 4
  m_Component:
  - 4: {fileID: 1209462679}
  - 212: {fileID: 1209462678}
  - 95: {fileID: 1209462677}
  - 114: {fileID: 1209462680}
  - 50: {fileID: 1209462682}
  - 60: {fileID: 1209462681}
  - 114: {fileID: 1209462683}
  m_Layer: 10
  m_Name: Character
  m_TagString: Untagged
  m_Icon: {fileID: 0}
  m_NavMeshLayer: 0
  m_StaticEditorFlags: 0
  m_IsActive: 1
--- !u!95 &1209462677
Animator:
  serializedVersion: 3
  m_ObjectHideFlags: 0
  m_PrefabParentObject: {fileID: 9500000, guid: bc45a844a53780242b88c0db16074f63,
    type: 2}
  m_PrefabInternal: {fileID: 2135786295}
  m_GameObject: {fileID: 1209462676}
  m_Enabled: 1
  m_Avatar: {fileID: 0}
  m_Controller: {fileID: 9100000, guid: aef71cd22a3010b4b8fb75b1b6470638, type: 2}
  m_CullingMode: 0
  m_UpdateMode: 0
  m_ApplyRootMotion: 0
  m_LinearVelocityBlending: 0
  m_WarningMessage: 
  m_HasTransformHierarchy: 1
  m_AllowConstantClipSamplingOptimization: 1
--- !u!212 &1209462678
SpriteRenderer:
  m_ObjectHideFlags: 0
  m_PrefabParentObject: {fileID: 21200000, guid: bc45a844a53780242b88c0db16074f63,
    type: 2}
  m_PrefabInternal: {fileID: 2135786295}
  m_GameObject: {fileID: 1209462676}
  m_Enabled: 1
  m_CastShadows: 0
  m_ReceiveShadows: 0
  m_Materials:
  - {fileID: 10754, guid: 0000000000000000e000000000000000, type: 0}
  m_SubsetIndices: 
  m_StaticBatchRoot: {fileID: 0}
  m_UseLightProbes: 0
  m_ReflectionProbeUsage: 0
  m_ProbeAnchor: {fileID: 0}
  m_ScaleInLightmap: 1
  m_PreserveUVs: 0
  m_ImportantGI: 0
  m_AutoUVMaxDistance: .5
  m_AutoUVMaxAngle: 89
  m_LightmapParameters: {fileID: 0}
  m_SortingLayerID: 0
  m_SortingOrder: 1
  m_Sprite: {fileID: 21300000, guid: e87d967c10ea1c04f9ca43e03bfddae7, type: 3}
  m_Color: {r: 1, g: 1, b: 1, a: 1}
--- !u!4 &1209462679
Transform:
  m_ObjectHideFlags: 0
  m_PrefabParentObject: {fileID: 400002, guid: bc45a844a53780242b88c0db16074f63, type: 2}
  m_PrefabInternal: {fileID: 2135786295}
  m_GameObject: {fileID: 1209462676}
  m_LocalRotation: {x: 0, y: 0, z: 0, w: 1}
  m_LocalPosition: {x: -7.69000006, y: -1.41999996, z: 0}
  m_LocalScale: {x: .204139516, y: .204139784, z: .342886269}
  m_Children:
  - {fileID: 1447368621}
  - {fileID: 1596724220}
  m_Father: {fileID: 0}
  m_RootOrder: 6
--- !u!114 &1209462680
MonoBehaviour:
  m_ObjectHideFlags: 0
  m_PrefabParentObject: {fileID: 11400000, guid: bc45a844a53780242b88c0db16074f63,
    type: 2}
  m_PrefabInternal: {fileID: 2135786295}
  m_GameObject: {fileID: 1209462676}
  m_Enabled: 1
  m_EditorHideFlags: 0
  m_Script: {fileID: 11500000, guid: def8cdef7d8d77e46b958cdefd719b12, type: 3}
  m_Name: 
  m_EditorClassIdentifier: 
--- !u!60 &1209462681
PolygonCollider2D:
  m_ObjectHideFlags: 0
  m_PrefabParentObject: {fileID: 6000000, guid: bc45a844a53780242b88c0db16074f63,
    type: 2}
  m_PrefabInternal: {fileID: 2135786295}
  m_GameObject: {fileID: 1209462676}
  m_Enabled: 1
  m_Material: {fileID: 0}
  m_IsTrigger: 0
  m_UsedByEffector: 0
  m_Offset: {x: 0, y: 0}
  m_Points:
    m_Paths:
    - - {x: .17052941, y: -2.13817644}
      - {x: .144294113, y: -2.37429404}
      - {x: .275470585, y: -3.0301764}
      - {x: .118058823, y: -3.2400589}
      - {x: .118058823, y: -3.34500003}
      - {x: .983823538, y: -3.34500003}
      - {x: 1.08876467, y: -2.66288233}
      - {x: 1.08876467, y: -2.37429404}
      - {x: 1.14123523, y: -1.90205884}
      - {x: 1.48229408, y: -1.56099999}
      - {x: 1.58723533, y: -1.14123523}
      - {x: 1.45605886, y: -.0918235257}
      - {x: 1.24617648, y: .511588216}
      - {x: 1.61347055, y: .695235312}
      - {x: 1.79711759, y: .905117631}
      - {x: 1.90205884, y: 1.32488239}
      - {x: 1.9545294, y: 1.98076463}
      - {x: 1.9545294, y: 2.7940588}
      - {x: 1.71841168, y: 2.89899993}
      - {x: 1.48229408, y: 2.84652948}
      - {x: 1.37735295, y: 3.08264709}
      - {x: 1.2724117, y: 3.16135287}
      - {x: .695235312, y: 3.2400589}
      - {x: .642764688, y: 3.34500003}
      - {x: .275470585, y: 3.34500003}
      - {x: -.275470585, y: 3.18758821}
      - {x: -.301705867, y: 3.34500003}
      - {x: -.537823498, y: 3.34500003}
      - {x: -.642764688, y: 3.29252934}
      - {x: -.931352913, y: 3.05641174}
      - {x: -1.32488239, y: 3.08264709}
      - {x: -1.48229408, y: 2.87276459}
      - {x: -1.6397059, y: 2.37429404}
      - {x: -1.8758235, y: 2.00699997}
      - {x: -1.9545294, y: 1.82335293}
      - {x: -1.9545294, y: 1.11500001}
      - {x: -1.8758235, y: .931352913}
      - {x: -1.74464703, y: .773941159}
      - {x: -1.2724117, y: .485352933}
      - {x: -1.50852942, y: -.0131176468}
      - {x: -1.61347055, y: -.616529405}
      - {x: -1.66594112, y: -1.40358818}
      - {x: -1.21994114, y: -1.82335293}
      - {x: -1.24617648, y: -2.03323531}
      - {x: -1.24617648, y: -2.37429404}
      - {x: -1.11500001, y: -3.05641174}
      - {x: -1.2724117, y: -3.266294}
      - {x: -1.2724117, y: -3.34500003}
      - {x: -.432882339, y: -3.34500003}
      - {x: -.354176462, y: -3.0301764}
      - {x: -.327941179, y: -2.66288233}
      - {x: -.275470585, y: -2.24311757}
--- !u!50 &1209462682
Rigidbody2D:
  serializedVersion: 2
  m_ObjectHideFlags: 0
  m_PrefabParentObject: {fileID: 5000000, guid: bc45a844a53780242b88c0db16074f63,
    type: 2}
  m_PrefabInternal: {fileID: 2135786295}
  m_GameObject: {fileID: 1209462676}
  m_Mass: 1
  m_LinearDrag: 0
  m_AngularDrag: .0500000007
  m_GravityScale: 1
  m_IsKinematic: 0
  m_Interpolate: 0
  m_SleepingMode: 1
  m_CollisionDetection: 0
  m_Constraints: 4
--- !u!114 &1209462683
MonoBehaviour:
  m_ObjectHideFlags: 0
  m_PrefabParentObject: {fileID: 11400002, guid: bc45a844a53780242b88c0db16074f63,
    type: 2}
  m_PrefabInternal: {fileID: 2135786295}
  m_GameObject: {fileID: 1209462676}
  m_Enabled: 1
  m_EditorHideFlags: 0
  m_Script: {fileID: 11500000, guid: f9a11e0c4f9677342b3dba82acba9c3b, type: 3}
  m_Name: 
  m_EditorClassIdentifier: 
  menu: []
  codeArea: {fileID: 1893581976}
  speechBuble: {fileID: 721375930}
  inputField: {fileID: 1200184684}
  codeAreaInput: {fileID: 1858553006}
  bubleText: {fileID: 1305891590}
  codeAreaShown: 0
  player: {fileID: 1209462680}
  objectSpawner: {fileID: 1209462679}
  ruler: {fileID: 1219204651}
  testObject: {fileID: 0}
  placeButton: {fileID: 1211367875}
  levelmaster: {fileID: 0}
  doTranslation: 0
  timeFix: 1
  runCode: 0
  executeInput: 0
  usedCommand: 0
  _placeObject: 0
--- !u!1001 &1211367874
Prefab:
  m_ObjectHideFlags: 0
  serializedVersion: 2
  m_Modification:
    m_TransformParent: {fileID: 0}
    m_Modifications:
    - target: {fileID: 22400110, guid: a872744625bfab449a328d62fe1385f9, type: 2}
      propertyPath: m_LocalPosition.x
      value: 0
      objectReference: {fileID: 0}
    - target: {fileID: 22400110, guid: a872744625bfab449a328d62fe1385f9, type: 2}
      propertyPath: m_LocalPosition.y
      value: 0
      objectReference: {fileID: 0}
    - target: {fileID: 22400110, guid: a872744625bfab449a328d62fe1385f9, type: 2}
      propertyPath: m_LocalPosition.z
      value: 0
      objectReference: {fileID: 0}
    - target: {fileID: 22400110, guid: a872744625bfab449a328d62fe1385f9, type: 2}
      propertyPath: m_LocalRotation.x
      value: 0
      objectReference: {fileID: 0}
    - target: {fileID: 22400110, guid: a872744625bfab449a328d62fe1385f9, type: 2}
      propertyPath: m_LocalRotation.y
      value: 0
      objectReference: {fileID: 0}
    - target: {fileID: 22400110, guid: a872744625bfab449a328d62fe1385f9, type: 2}
      propertyPath: m_LocalRotation.z
      value: 0
      objectReference: {fileID: 0}
    - target: {fileID: 22400110, guid: a872744625bfab449a328d62fe1385f9, type: 2}
      propertyPath: m_LocalRotation.w
      value: 1
      objectReference: {fileID: 0}
    - target: {fileID: 22400110, guid: a872744625bfab449a328d62fe1385f9, type: 2}
      propertyPath: m_RootOrder
      value: 1
      objectReference: {fileID: 0}
    - target: {fileID: 22400110, guid: a872744625bfab449a328d62fe1385f9, type: 2}
      propertyPath: m_AnchoredPosition.x
      value: 0
      objectReference: {fileID: 0}
    - target: {fileID: 22400110, guid: a872744625bfab449a328d62fe1385f9, type: 2}
      propertyPath: m_AnchoredPosition.y
      value: 0
      objectReference: {fileID: 0}
    - target: {fileID: 22400110, guid: a872744625bfab449a328d62fe1385f9, type: 2}
      propertyPath: m_SizeDelta.x
      value: 0
      objectReference: {fileID: 0}
    - target: {fileID: 22400110, guid: a872744625bfab449a328d62fe1385f9, type: 2}
      propertyPath: m_SizeDelta.y
      value: 0
      objectReference: {fileID: 0}
    - target: {fileID: 22400110, guid: a872744625bfab449a328d62fe1385f9, type: 2}
      propertyPath: m_AnchorMin.x
      value: 0
      objectReference: {fileID: 0}
    - target: {fileID: 22400110, guid: a872744625bfab449a328d62fe1385f9, type: 2}
      propertyPath: m_AnchorMin.y
      value: 0
      objectReference: {fileID: 0}
    - target: {fileID: 22400110, guid: a872744625bfab449a328d62fe1385f9, type: 2}
      propertyPath: m_AnchorMax.x
      value: 0
      objectReference: {fileID: 0}
    - target: {fileID: 22400110, guid: a872744625bfab449a328d62fe1385f9, type: 2}
      propertyPath: m_AnchorMax.y
      value: 0
      objectReference: {fileID: 0}
    - target: {fileID: 22400110, guid: a872744625bfab449a328d62fe1385f9, type: 2}
      propertyPath: m_Pivot.x
      value: 0
      objectReference: {fileID: 0}
    - target: {fileID: 22400110, guid: a872744625bfab449a328d62fe1385f9, type: 2}
      propertyPath: m_Pivot.y
      value: 0
      objectReference: {fileID: 0}
    - target: {fileID: 11400212, guid: a872744625bfab449a328d62fe1385f9, type: 2}
      propertyPath: m_OnClick.m_PersistentCalls.m_Calls.Array.data[1].m_Target
      value: 
      objectReference: {fileID: 955697175}
    - target: {fileID: 11400018, guid: a872744625bfab449a328d62fe1385f9, type: 2}
      propertyPath: m_OnClick.m_PersistentCalls.m_Calls.Array.data[0].m_Target
      value: 
      objectReference: {fileID: 955697175}
    - target: {fileID: 11400334, guid: a872744625bfab449a328d62fe1385f9, type: 2}
      propertyPath: m_OnClick.m_PersistentCalls.m_Calls.Array.data[0].m_Target
      value: 
      objectReference: {fileID: 1295216442}
    - target: {fileID: 11400034, guid: a872744625bfab449a328d62fe1385f9, type: 2}
      propertyPath: m_OnClick.m_PersistentCalls.m_Calls.Array.data[0].m_Target
      value: 
      objectReference: {fileID: 1209462683}
    - target: {fileID: 11400282, guid: a872744625bfab449a328d62fe1385f9, type: 2}
      propertyPath: m_OnClick.m_PersistentCalls.m_Calls.Array.data[2].m_Target
      value: 
      objectReference: {fileID: 1209462683}
    - target: {fileID: 11400338, guid: a872744625bfab449a328d62fe1385f9, type: 2}
      propertyPath: m_OnClick.m_PersistentCalls.m_Calls.Array.data[0].m_Target
      value: 
      objectReference: {fileID: 1295216442}
    - target: {fileID: 11400366, guid: a872744625bfab449a328d62fe1385f9, type: 2}
      propertyPath: m_OnClick.m_PersistentCalls.m_Calls.Array.data[1].m_Target
      value: 
      objectReference: {fileID: 955697175}
    - target: {fileID: 11400096, guid: a872744625bfab449a328d62fe1385f9, type: 2}
      propertyPath: m_OnClick.m_PersistentCalls.m_Calls.Array.data[5].m_Target
      value: 
      objectReference: {fileID: 1209462683}
    - target: {fileID: 11400130, guid: a872744625bfab449a328d62fe1385f9, type: 2}
      propertyPath: m_OnClick.m_PersistentCalls.m_Calls.Array.data[0].m_Target
      value: 
      objectReference: {fileID: 955697175}
    - target: {fileID: 11400148, guid: a872744625bfab449a328d62fe1385f9, type: 2}
      propertyPath: m_OnClick.m_PersistentCalls.m_Calls.Array.data[0].m_Target
      value: 
      objectReference: {fileID: 955697175}
    - target: {fileID: 11400358, guid: a872744625bfab449a328d62fe1385f9, type: 2}
      propertyPath: m_OnClick.m_PersistentCalls.m_Calls.Array.data[0].m_Target
      value: 
      objectReference: {fileID: 1295216442}
    - target: {fileID: 22300012, guid: a872744625bfab449a328d62fe1385f9, type: 2}
      propertyPath: m_Camera
      value: 
      objectReference: {fileID: 899539129}
    - target: {fileID: 11400264, guid: a872744625bfab449a328d62fe1385f9, type: 2}
      propertyPath: m_OnClick.m_PersistentCalls.m_Calls.Array.data[0].m_Target
      value: 
      objectReference: {fileID: 955697175}
    - target: {fileID: 22400166, guid: a872744625bfab449a328d62fe1385f9, type: 2}
      propertyPath: m_AnchorMax.x
      value: .5
      objectReference: {fileID: 0}
    - target: {fileID: 22400166, guid: a872744625bfab449a328d62fe1385f9, type: 2}
      propertyPath: m_AnchorMax.y
      value: 1
      objectReference: {fileID: 0}
    - target: {fileID: 22400162, guid: a872744625bfab449a328d62fe1385f9, type: 2}
      propertyPath: m_AnchorMin.x
      value: .5
      objectReference: {fileID: 0}
    - target: {fileID: 22400162, guid: a872744625bfab449a328d62fe1385f9, type: 2}
      propertyPath: m_AnchorMax.x
      value: .5
      objectReference: {fileID: 0}
    - target: {fileID: 22400162, guid: a872744625bfab449a328d62fe1385f9, type: 2}
      propertyPath: m_AnchorMax.y
      value: 1
      objectReference: {fileID: 0}
    - target: {fileID: 11400038, guid: a872744625bfab449a328d62fe1385f9, type: 2}
      propertyPath: m_OnClick.m_PersistentCalls.m_Calls.Array.data[0].m_Target
      value: 
      objectReference: {fileID: 1295216444}
    - target: {fileID: 11400038, guid: a872744625bfab449a328d62fe1385f9, type: 2}
      propertyPath: m_OnClick.m_PersistentCalls.m_Calls.Array.data[0].m_MethodName
      value: Hint
      objectReference: {fileID: 0}
    - target: {fileID: 11445312, guid: a872744625bfab449a328d62fe1385f9, type: 2}
      propertyPath: m_OnClick.m_PersistentCalls.m_Calls.Array.data[1].m_Target
      value: 
      objectReference: {fileID: 955697175}
    - target: {fileID: 11445312, guid: a872744625bfab449a328d62fe1385f9, type: 2}
      propertyPath: m_OnClick.m_PersistentCalls.m_Calls.Array.data[1].m_MethodName
      value: instantiate
      objectReference: {fileID: 0}
    - target: {fileID: 11401374, guid: a872744625bfab449a328d62fe1385f9, type: 2}
      propertyPath: m_OnClick.m_PersistentCalls.m_Calls.Array.data[0].m_Target
      value: 
      objectReference: {fileID: 1209462683}
    - target: {fileID: 11401374, guid: a872744625bfab449a328d62fe1385f9, type: 2}
      propertyPath: m_OnClick.m_PersistentCalls.m_Calls.Array.data[0].m_MethodName
      value: PlaceObject
      objectReference: {fileID: 0}
    m_RemovedComponents: []
  m_ParentPrefab: {fileID: 100100000, guid: a872744625bfab449a328d62fe1385f9, type: 2}
  m_IsPrefabParent: 0
--- !u!1 &1211367875 stripped
GameObject:
  m_PrefabParentObject: {fileID: 157264, guid: a872744625bfab449a328d62fe1385f9, type: 2}
  m_PrefabInternal: {fileID: 1211367874}
--- !u!1 &1219204651
GameObject:
  m_ObjectHideFlags: 0
  m_PrefabParentObject: {fileID: 0}
  m_PrefabInternal: {fileID: 0}
  serializedVersion: 4
  m_Component:
  - 4: {fileID: 1219204653}
  - 212: {fileID: 1219204652}
  m_Layer: 0
  m_Name: Ruler
  m_TagString: Untagged
  m_Icon: {fileID: 0}
  m_NavMeshLayer: 0
  m_StaticEditorFlags: 0
  m_IsActive: 0
--- !u!212 &1219204652
SpriteRenderer:
  m_ObjectHideFlags: 0
  m_PrefabParentObject: {fileID: 0}
  m_PrefabInternal: {fileID: 0}
  m_GameObject: {fileID: 1219204651}
  m_Enabled: 1
  m_CastShadows: 0
  m_ReceiveShadows: 0
  m_Materials:
  - {fileID: 10754, guid: 0000000000000000e000000000000000, type: 0}
  m_SubsetIndices: 
  m_StaticBatchRoot: {fileID: 0}
  m_UseLightProbes: 0
  m_ReflectionProbeUsage: 0
  m_ProbeAnchor: {fileID: 0}
  m_ScaleInLightmap: 1
  m_PreserveUVs: 0
  m_ImportantGI: 0
  m_AutoUVMaxDistance: .5
  m_AutoUVMaxAngle: 89
  m_LightmapParameters: {fileID: 0}
  m_SortingLayerID: 0
  m_SortingOrder: 100
  m_Sprite: {fileID: 21300000, guid: caa59264b0ed26642b0a0126e38de307, type: 3}
  m_Color: {r: 1, g: 1, b: 1, a: 1}
--- !u!4 &1219204653
Transform:
  m_ObjectHideFlags: 0
  m_PrefabParentObject: {fileID: 0}
  m_PrefabInternal: {fileID: 0}
  m_GameObject: {fileID: 1219204651}
  m_LocalRotation: {x: 0, y: 0, z: 0, w: 1}
  m_LocalPosition: {x: -.0500000007, y: -4.17999983, z: 0}
  m_LocalScale: {x: 1.44439447, y: 1, z: 1}
  m_Children: []
  m_Father: {fileID: 0}
  m_RootOrder: 7
--- !u!1 &1272905453 stripped
GameObject:
  m_PrefabParentObject: {fileID: 100248, guid: a872744625bfab449a328d62fe1385f9, type: 2}
  m_PrefabInternal: {fileID: 1211367874}
--- !u!1 &1295216441 stripped
GameObject:
  m_PrefabParentObject: {fileID: 100000, guid: d84d1370367354a45b2feb483814a949, type: 2}
  m_PrefabInternal: {fileID: 207898524}
--- !u!114 &1295216442 stripped
MonoBehaviour:
  m_PrefabParentObject: {fileID: 11400000, guid: d84d1370367354a45b2feb483814a949,
    type: 2}
  m_PrefabInternal: {fileID: 207898524}
  m_Script: {fileID: 11500000, guid: 7412bb1da75d1e44aaa94b7cb16156ab, type: 3}
--- !u!114 &1295216444
MonoBehaviour:
  m_ObjectHideFlags: 0
  m_PrefabParentObject: {fileID: 0}
  m_PrefabInternal: {fileID: 0}
  m_GameObject: {fileID: 1295216441}
  m_Enabled: 1
  m_EditorHideFlags: 0
  m_Script: {fileID: 11500000, guid: 6b9a9df6b2d325b499f53f2c342a2aae, type: 3}
  m_Name: 
  m_EditorClassIdentifier: 
  hint: {fileID: 2054466613}
  hintButton: {fileID: 0}
--- !u!114 &1305891590 stripped
MonoBehaviour:
  m_PrefabParentObject: {fileID: 11400230, guid: a872744625bfab449a328d62fe1385f9,
    type: 2}
  m_PrefabInternal: {fileID: 1211367874}
  m_Script: {fileID: 708705254, guid: f5f67c52d1564df4a8936ccd202a3bd8, type: 3}
--- !u!1 &1307545423 stripped
GameObject:
  m_PrefabParentObject: {fileID: 100068, guid: a872744625bfab449a328d62fe1385f9, type: 2}
  m_PrefabInternal: {fileID: 1211367874}
--- !u!1 &1358017006 stripped
GameObject:
  m_PrefabParentObject: {fileID: 100146, guid: a872744625bfab449a328d62fe1385f9, type: 2}
  m_PrefabInternal: {fileID: 1211367874}
--- !u!1001 &1364961926
Prefab:
  m_ObjectHideFlags: 0
  serializedVersion: 2
  m_Modification:
    m_TransformParent: {fileID: 1850230171}
    m_Modifications:
    - target: {fileID: 480538, guid: c0341a1b74739de4c87839e02f5123df, type: 2}
      propertyPath: m_LocalPosition.x
      value: -7.06302929
      objectReference: {fileID: 0}
    - target: {fileID: 480538, guid: c0341a1b74739de4c87839e02f5123df, type: 2}
      propertyPath: m_LocalPosition.y
      value: 1.26450336
      objectReference: {fileID: 0}
    - target: {fileID: 480538, guid: c0341a1b74739de4c87839e02f5123df, type: 2}
      propertyPath: m_LocalPosition.z
      value: 1.45000005
      objectReference: {fileID: 0}
    - target: {fileID: 480538, guid: c0341a1b74739de4c87839e02f5123df, type: 2}
      propertyPath: m_LocalRotation.x
      value: 0
      objectReference: {fileID: 0}
    - target: {fileID: 480538, guid: c0341a1b74739de4c87839e02f5123df, type: 2}
      propertyPath: m_LocalRotation.y
      value: 0
      objectReference: {fileID: 0}
    - target: {fileID: 480538, guid: c0341a1b74739de4c87839e02f5123df, type: 2}
      propertyPath: m_LocalRotation.z
      value: -.704967141
      objectReference: {fileID: 0}
    - target: {fileID: 480538, guid: c0341a1b74739de4c87839e02f5123df, type: 2}
      propertyPath: m_LocalRotation.w
      value: .709240019
      objectReference: {fileID: 0}
    - target: {fileID: 480538, guid: c0341a1b74739de4c87839e02f5123df, type: 2}
      propertyPath: m_RootOrder
      value: 0
      objectReference: {fileID: 0}
    - target: {fileID: 180538, guid: c0341a1b74739de4c87839e02f5123df, type: 2}
      propertyPath: m_Name
      value: Platform
      objectReference: {fileID: 0}
    - target: {fileID: 6180536, guid: c0341a1b74739de4c87839e02f5123df, type: 2}
      propertyPath: m_IsTrigger
      value: 0
      objectReference: {fileID: 0}
    - target: {fileID: 480538, guid: c0341a1b74739de4c87839e02f5123df, type: 2}
      propertyPath: m_LocalScale.x
      value: 1
      objectReference: {fileID: 0}
    - target: {fileID: 480538, guid: c0341a1b74739de4c87839e02f5123df, type: 2}
      propertyPath: m_LocalScale.y
      value: 1
      objectReference: {fileID: 0}
    m_RemovedComponents:
    - {fileID: 5080536, guid: c0341a1b74739de4c87839e02f5123df, type: 2}
  m_ParentPrefab: {fileID: 100100000, guid: c0341a1b74739de4c87839e02f5123df, type: 2}
  m_IsPrefabParent: 0
--- !u!114 &1376154997 stripped
MonoBehaviour:
  m_PrefabParentObject: {fileID: 11400240, guid: a872744625bfab449a328d62fe1385f9,
    type: 2}
  m_PrefabInternal: {fileID: 1211367874}
  m_Script: {fileID: 708705254, guid: f5f67c52d1564df4a8936ccd202a3bd8, type: 3}
--- !u!1 &1417121396
GameObject:
  m_ObjectHideFlags: 0
  m_PrefabParentObject: {fileID: 0}
  m_PrefabInternal: {fileID: 0}
  serializedVersion: 4
  m_Component:
  - 4: {fileID: 1417121398}
  - 212: {fileID: 1417121397}
  m_Layer: 0
  m_Name: Win flag
  m_TagString: Untagged
  m_Icon: {fileID: 0}
  m_NavMeshLayer: 0
  m_StaticEditorFlags: 0
  m_IsActive: 1
--- !u!212 &1417121397
SpriteRenderer:
  m_ObjectHideFlags: 0
  m_PrefabParentObject: {fileID: 0}
  m_PrefabInternal: {fileID: 0}
  m_GameObject: {fileID: 1417121396}
  m_Enabled: 1
  m_CastShadows: 0
  m_ReceiveShadows: 0
  m_Materials:
  - {fileID: 10754, guid: 0000000000000000e000000000000000, type: 0}
  m_SubsetIndices: 
  m_StaticBatchRoot: {fileID: 0}
  m_UseLightProbes: 0
  m_ReflectionProbeUsage: 0
  m_ProbeAnchor: {fileID: 0}
  m_ScaleInLightmap: 1
  m_PreserveUVs: 0
  m_ImportantGI: 0
  m_AutoUVMaxDistance: .5
  m_AutoUVMaxAngle: 89
  m_LightmapParameters: {fileID: 0}
  m_SortingLayerID: 0
  m_SortingOrder: 0
  m_Sprite: {fileID: 21300000, guid: 3d586437c31233442a0eef56e6a5ca55, type: 3}
  m_Color: {r: 1, g: 1, b: 1, a: 1}
--- !u!4 &1417121398
Transform:
  m_ObjectHideFlags: 0
  m_PrefabParentObject: {fileID: 0}
  m_PrefabInternal: {fileID: 0}
  m_GameObject: {fileID: 1417121396}
  m_LocalRotation: {x: 0, y: 0, z: -.704967141, w: .709240019}
  m_LocalPosition: {x: -10.4946699, y: -7.5335536, z: 1.45000005}
  m_LocalScale: {x: 1.72969532, y: 1.72969556, z: 1.7296958}
  m_Children:
  - {fileID: 1569393615}
  m_Father: {fileID: 876241339}
  m_RootOrder: 0
--- !u!1 &1447368620
GameObject:
  m_ObjectHideFlags: 0
  m_PrefabParentObject: {fileID: 100004, guid: bc45a844a53780242b88c0db16074f63, type: 2}
  m_PrefabInternal: {fileID: 2135786295}
  serializedVersion: 4
  m_Component:
  - 4: {fileID: 1447368621}
  m_Layer: 10
  m_Name: ObjectSpawner
  m_TagString: Untagged
  m_Icon: {fileID: 0}
  m_NavMeshLayer: 0
  m_StaticEditorFlags: 0
  m_IsActive: 1
--- !u!4 &1447368621
Transform:
  m_ObjectHideFlags: 0
  m_PrefabParentObject: {fileID: 400004, guid: bc45a844a53780242b88c0db16074f63, type: 2}
  m_PrefabInternal: {fileID: 2135786295}
  m_GameObject: {fileID: 1447368620}
  m_LocalRotation: {x: 0, y: 0, z: 0, w: 1}
  m_LocalPosition: {x: 0, y: -3.23000002, z: 0}
  m_LocalScale: {x: 1, y: 1, z: 1}
  m_Children: []
  m_Father: {fileID: 1209462679}
  m_RootOrder: 0
--- !u!4 &1498522115 stripped
Transform:
  m_PrefabParentObject: {fileID: 400002, guid: 175c359ee80c586419b88bf8e65ed8ed, type: 2}
  m_PrefabInternal: {fileID: 5116619}
--- !u!4 &1569393615 stripped
Transform:
  m_PrefabParentObject: {fileID: 400000, guid: 058410824d93fcf4284f2acf17045d89, type: 2}
  m_PrefabInternal: {fileID: 275790463}
--- !u!1 &1596724217
GameObject:
  m_ObjectHideFlags: 0
  m_PrefabParentObject: {fileID: 100000, guid: bc45a844a53780242b88c0db16074f63, type: 2}
  m_PrefabInternal: {fileID: 2135786295}
  serializedVersion: 4
  m_Component:
  - 4: {fileID: 1596724220}
  - 23: {fileID: 1596724219}
  - 111: {fileID: 1596724221}
  m_Layer: 0
  m_Name: depleteScore
  m_TagString: Untagged
  m_Icon: {fileID: 0}
  m_NavMeshLayer: 0
  m_StaticEditorFlags: 0
  m_IsActive: 1
--- !u!23 &1596724219
MeshRenderer:
  m_ObjectHideFlags: 0
  m_PrefabParentObject: {fileID: 2300000, guid: bc45a844a53780242b88c0db16074f63,
    type: 2}
  m_PrefabInternal: {fileID: 2135786295}
  m_GameObject: {fileID: 1596724217}
  m_Enabled: 1
  m_CastShadows: 1
  m_ReceiveShadows: 1
  m_Materials:
  - {fileID: 10100, guid: 0000000000000000e000000000000000, type: 0}
  m_SubsetIndices: 
  m_StaticBatchRoot: {fileID: 0}
  m_UseLightProbes: 0
  m_ReflectionProbeUsage: 1
  m_ProbeAnchor: {fileID: 0}
  m_ScaleInLightmap: 1
  m_PreserveUVs: 0
  m_ImportantGI: 0
  m_AutoUVMaxDistance: .5
  m_AutoUVMaxAngle: 89
  m_LightmapParameters: {fileID: 0}
  m_SortingLayerID: 0
  m_SortingOrder: 0
--- !u!4 &1596724220
Transform:
  m_ObjectHideFlags: 0
  m_PrefabParentObject: {fileID: 400000, guid: bc45a844a53780242b88c0db16074f63, type: 2}
  m_PrefabInternal: {fileID: 2135786295}
  m_GameObject: {fileID: 1596724217}
  m_LocalRotation: {x: 0, y: 0, z: 0, w: 1}
  m_LocalPosition: {x: .195944235, y: 3.77192473, z: -.583283842}
  m_LocalScale: {x: .192507014, y: .192506805, z: .114610299}
  m_Children: []
  m_Father: {fileID: 1209462679}
  m_RootOrder: 1
--- !u!111 &1596724221
Animation:
  m_ObjectHideFlags: 0
  m_PrefabParentObject: {fileID: 11100000, guid: bc45a844a53780242b88c0db16074f63,
    type: 2}
  m_PrefabInternal: {fileID: 2135786295}
  m_GameObject: {fileID: 1596724217}
  m_Enabled: 0
  serializedVersion: 3
  m_Animation: {fileID: 7400000, guid: f5d89bb591eddd642bedd4cdc1e5ff39, type: 2}
  m_Animations:
  - {fileID: 7400000, guid: f5d89bb591eddd642bedd4cdc1e5ff39, type: 2}
  m_WrapMode: 0
  m_PlayAutomatically: 0
  m_AnimatePhysics: 0
  m_CullingType: 0
--- !u!114 &1698543531 stripped
MonoBehaviour:
  m_PrefabParentObject: {fileID: 11400362, guid: a872744625bfab449a328d62fe1385f9,
    type: 2}
  m_PrefabInternal: {fileID: 1211367874}
  m_Script: {fileID: 708705254, guid: f5f67c52d1564df4a8936ccd202a3bd8, type: 3}
--- !u!1 &1850230170
GameObject:
  m_ObjectHideFlags: 0
  m_PrefabParentObject: {fileID: 0}
  m_PrefabInternal: {fileID: 0}
  serializedVersion: 4
  m_Component:
  - 4: {fileID: 1850230171}
  m_Layer: 0
  m_Name: Dynamic
  m_TagString: Untagged
  m_Icon: {fileID: 0}
  m_NavMeshLayer: 0
  m_StaticEditorFlags: 0
  m_IsActive: 1
--- !u!4 &1850230171
Transform:
  m_ObjectHideFlags: 0
  m_PrefabParentObject: {fileID: 0}
  m_PrefabInternal: {fileID: 0}
  m_GameObject: {fileID: 1850230170}
  m_LocalRotation: {x: 0, y: 0, z: .704967141, w: .709240019}
  m_LocalPosition: {x: .379999995, y: 8.97000027, z: -1.45000005}
  m_LocalScale: {x: 1, y: 1, z: 1}
  m_Children:
  - {fileID: 645021471}
  - {fileID: 1883615771}
  - {fileID: 1498522115}
  m_Father: {fileID: 0}
  m_RootOrder: 5
--- !u!1 &1858553004 stripped
GameObject:
  m_PrefabParentObject: {fileID: 100100, guid: a872744625bfab449a328d62fe1385f9, type: 2}
  m_PrefabInternal: {fileID: 1211367874}
--- !u!114 &1858553006 stripped
MonoBehaviour:
  m_PrefabParentObject: {fileID: 11400168, guid: a872744625bfab449a328d62fe1385f9,
    type: 2}
  m_PrefabInternal: {fileID: 1211367874}
  m_Script: {fileID: 575553740, guid: f5f67c52d1564df4a8936ccd202a3bd8, type: 3}
--- !u!4 &1883615771 stripped
Transform:
  m_PrefabParentObject: {fileID: 400002, guid: 175c359ee80c586419b88bf8e65ed8ed, type: 2}
  m_PrefabInternal: {fileID: 500733869}
--- !u!1 &1893581976 stripped
GameObject:
  m_PrefabParentObject: {fileID: 100108, guid: a872744625bfab449a328d62fe1385f9, type: 2}
  m_PrefabInternal: {fileID: 1211367874}
--- !u!1 &1908133994
GameObject:
  m_ObjectHideFlags: 0
  m_PrefabParentObject: {fileID: 0}
  m_PrefabInternal: {fileID: 0}
  serializedVersion: 4
  m_Component:
  - 4: {fileID: 1908133996}
  - 212: {fileID: 1908133995}
  m_Layer: 0
  m_Name: Background
  m_TagString: Untagged
  m_Icon: {fileID: 0}
  m_NavMeshLayer: 0
  m_StaticEditorFlags: 0
  m_IsActive: 1
--- !u!212 &1908133995
SpriteRenderer:
  m_ObjectHideFlags: 0
  m_PrefabParentObject: {fileID: 0}
  m_PrefabInternal: {fileID: 0}
  m_GameObject: {fileID: 1908133994}
  m_Enabled: 1
  m_CastShadows: 0
  m_ReceiveShadows: 0
  m_Materials:
  - {fileID: 10754, guid: 0000000000000000e000000000000000, type: 0}
  m_SubsetIndices: 
  m_StaticBatchRoot: {fileID: 0}
  m_UseLightProbes: 0
  m_ReflectionProbeUsage: 0
  m_ProbeAnchor: {fileID: 0}
  m_ScaleInLightmap: 1
  m_PreserveUVs: 0
  m_ImportantGI: 0
  m_AutoUVMaxDistance: .5
  m_AutoUVMaxAngle: 89
  m_LightmapParameters: {fileID: 0}
  m_SortingLayerID: 0
  m_SortingOrder: 0
  m_Sprite: {fileID: 21300000, guid: 25a49e4d3bf53594eaaea226c76b1690, type: 3}
  m_Color: {r: 1, g: 1, b: 1, a: 1}
--- !u!4 &1908133996
Transform:
  m_ObjectHideFlags: 0
  m_PrefabParentObject: {fileID: 0}
  m_PrefabInternal: {fileID: 0}
  m_GameObject: {fileID: 1908133994}
  m_LocalRotation: {x: 0, y: 0, z: -.704967141, w: .709240019}
  m_LocalPosition: {x: -10.1522331, y: .338659734, z: 1.45000005}
  m_LocalScale: {x: .99725163, y: 1.13904798, z: .997251451}
  m_Children: []
  m_Father: {fileID: 876241339}
  m_RootOrder: 2
--- !u!114 &1963839777 stripped
MonoBehaviour:
  m_PrefabParentObject: {fileID: 11400190, guid: a872744625bfab449a328d62fe1385f9,
    type: 2}
  m_PrefabInternal: {fileID: 1211367874}
  m_Script: {fileID: 708705254, guid: f5f67c52d1564df4a8936ccd202a3bd8, type: 3}
--- !u!114 &1991079536 stripped
MonoBehaviour:
  m_PrefabParentObject: {fileID: 11400268, guid: a872744625bfab449a328d62fe1385f9,
    type: 2}
  m_PrefabInternal: {fileID: 1211367874}
  m_Script: {fileID: 575553740, guid: f5f67c52d1564df4a8936ccd202a3bd8, type: 3}
--- !u!1 &2026309046 stripped
GameObject:
  m_PrefabParentObject: {fileID: 100116, guid: a872744625bfab449a328d62fe1385f9, type: 2}
  m_PrefabInternal: {fileID: 1211367874}
--- !u!1 &2054466613
GameObject:
  m_ObjectHideFlags: 0
  m_PrefabParentObject: {fileID: 0}
  m_PrefabInternal: {fileID: 0}
  serializedVersion: 4
  m_Component:
  - 4: {fileID: 2054466615}
  - 212: {fileID: 2054466614}
  m_Layer: 0
  m_Name: Hint
  m_TagString: Untagged
  m_Icon: {fileID: 0}
  m_NavMeshLayer: 0
  m_StaticEditorFlags: 0
  m_IsActive: 0
--- !u!212 &2054466614
SpriteRenderer:
  m_ObjectHideFlags: 0
  m_PrefabParentObject: {fileID: 0}
  m_PrefabInternal: {fileID: 0}
  m_GameObject: {fileID: 2054466613}
  m_Enabled: 1
  m_CastShadows: 0
  m_ReceiveShadows: 0
  m_Materials:
  - {fileID: 10754, guid: 0000000000000000e000000000000000, type: 0}
  m_SubsetIndices: 
  m_StaticBatchRoot: {fileID: 0}
  m_UseLightProbes: 0
  m_ReflectionProbeUsage: 0
  m_ProbeAnchor: {fileID: 0}
  m_ScaleInLightmap: 1
  m_PreserveUVs: 0
  m_ImportantGI: 0
  m_AutoUVMaxDistance: .5
  m_AutoUVMaxAngle: 89
  m_LightmapParameters: {fileID: 0}
  m_SortingLayerID: 0
  m_SortingOrder: 0
  m_Sprite: {fileID: 21300000, guid: 80315e6d9184989468a3230f5bca45a0, type: 3}
  m_Color: {r: 1, g: 1, b: 1, a: 1}
--- !u!4 &2054466615
Transform:
  m_ObjectHideFlags: 0
  m_PrefabParentObject: {fileID: 0}
  m_PrefabInternal: {fileID: 0}
  m_GameObject: {fileID: 2054466613}
  m_LocalRotation: {x: 0, y: 0, z: 0, w: 1}
  m_LocalPosition: {x: -5.09000015, y: 3.23000002, z: 0}
  m_LocalScale: {x: 1, y: 1, z: 1}
  m_Children: []
  m_Father: {fileID: 0}
  m_RootOrder: 8
--- !u!1001 &2135786295
Prefab:
  m_ObjectHideFlags: 0
  serializedVersion: 2
  m_Modification:
    m_TransformParent: {fileID: 0}
    m_Modifications:
    - target: {fileID: 400002, guid: bc45a844a53780242b88c0db16074f63, type: 2}
      propertyPath: m_LocalPosition.x
      value: -7.69000006
      objectReference: {fileID: 0}
    - target: {fileID: 400002, guid: bc45a844a53780242b88c0db16074f63, type: 2}
      propertyPath: m_LocalPosition.y
      value: -1.41999996
      objectReference: {fileID: 0}
    - target: {fileID: 400002, guid: bc45a844a53780242b88c0db16074f63, type: 2}
      propertyPath: m_LocalPosition.z
      value: 0
      objectReference: {fileID: 0}
    - target: {fileID: 400002, guid: bc45a844a53780242b88c0db16074f63, type: 2}
      propertyPath: m_LocalRotation.x
      value: 0
      objectReference: {fileID: 0}
    - target: {fileID: 400002, guid: bc45a844a53780242b88c0db16074f63, type: 2}
      propertyPath: m_LocalRotation.y
      value: 0
      objectReference: {fileID: 0}
    - target: {fileID: 400002, guid: bc45a844a53780242b88c0db16074f63, type: 2}
      propertyPath: m_LocalRotation.z
      value: 0
      objectReference: {fileID: 0}
    - target: {fileID: 400002, guid: bc45a844a53780242b88c0db16074f63, type: 2}
      propertyPath: m_LocalRotation.w
      value: 1
      objectReference: {fileID: 0}
    - target: {fileID: 400002, guid: bc45a844a53780242b88c0db16074f63, type: 2}
      propertyPath: m_RootOrder
      value: 3
      objectReference: {fileID: 0}
    - target: {fileID: 100002, guid: bc45a844a53780242b88c0db16074f63, type: 2}
      propertyPath: m_Name
      value: Character
      objectReference: {fileID: 0}
    - target: {fileID: 11400000, guid: bc45a844a53780242b88c0db16074f63, type: 2}
      propertyPath: textInput
      value: 
      objectReference: {fileID: 1858553004}
    - target: {fileID: 11400002, guid: bc45a844a53780242b88c0db16074f63, type: 2}
      propertyPath: codeAreaInput
      value: 
      objectReference: {fileID: 1858553006}
    - target: {fileID: 11400002, guid: bc45a844a53780242b88c0db16074f63, type: 2}
      propertyPath: bubleText
      value: 
      objectReference: {fileID: 1305891590}
    - target: {fileID: 11400002, guid: bc45a844a53780242b88c0db16074f63, type: 2}
      propertyPath: Menu.Array.data[0]
      value: 
      objectReference: {fileID: 2026309046}
    - target: {fileID: 11400002, guid: bc45a844a53780242b88c0db16074f63, type: 2}
      propertyPath: Menu.Array.data[1]
      value: 
      objectReference: {fileID: 1307545423}
    - target: {fileID: 11400002, guid: bc45a844a53780242b88c0db16074f63, type: 2}
      propertyPath: Menu.Array.data[2]
      value: 
      objectReference: {fileID: 1893581976}
    - target: {fileID: 11400002, guid: bc45a844a53780242b88c0db16074f63, type: 2}
      propertyPath: Menu.Array.data[3]
      value: 
      objectReference: {fileID: 1358017006}
    - target: {fileID: 11400002, guid: bc45a844a53780242b88c0db16074f63, type: 2}
      propertyPath: Menu.Array.data[4]
      value: 
      objectReference: {fileID: 3504293}
    - target: {fileID: 11400002, guid: bc45a844a53780242b88c0db16074f63, type: 2}
      propertyPath: Menu.Array.data[5]
      value: 
      objectReference: {fileID: 492554371}
    - target: {fileID: 11400002, guid: bc45a844a53780242b88c0db16074f63, type: 2}
      propertyPath: Menu.Array.data[6]
      value: 
      objectReference: {fileID: 814336216}
    - target: {fileID: 11400002, guid: bc45a844a53780242b88c0db16074f63, type: 2}
      propertyPath: speechBuble
      value: 
      objectReference: {fileID: 721375930}
    - target: {fileID: 11400002, guid: bc45a844a53780242b88c0db16074f63, type: 2}
      propertyPath: inputField
      value: 
      objectReference: {fileID: 1200184684}
    - target: {fileID: 11400002, guid: bc45a844a53780242b88c0db16074f63, type: 2}
      propertyPath: ruler
      value: 
      objectReference: {fileID: 1219204651}
    - target: {fileID: 11400002, guid: bc45a844a53780242b88c0db16074f63, type: 2}
      propertyPath: codeArea
      value: 
      objectReference: {fileID: 1893581976}
    - target: {fileID: 11400002, guid: bc45a844a53780242b88c0db16074f63, type: 2}
      propertyPath: placeButton
      value: 
      objectReference: {fileID: 1211367875}
    - target: {fileID: 9500000, guid: bc45a844a53780242b88c0db16074f63, type: 2}
      propertyPath: m_ApplyRootMotion
      value: 0
      objectReference: {fileID: 0}
    m_RemovedComponents: []
  m_ParentPrefab: {fileID: 100100000, guid: bc45a844a53780242b88c0db16074f63, type: 2}
  m_IsPrefabParent: 0
--- !u!114 &2139003441 stripped
MonoBehaviour:
  m_PrefabParentObject: {fileID: 11400280, guid: a872744625bfab449a328d62fe1385f9,
    type: 2}
  m_PrefabInternal: {fileID: 1211367874}
  m_Script: {fileID: 708705254, guid: f5f67c52d1564df4a8936ccd202a3bd8, type: 3}
